3317 5484
782 637 825 702 33

247 833 392 895 moratos
410 843 482 890 esse
505 823 538 886 in
559 819 690 889 alterius
713 818 837 899 fabula,
860 839 920 903 per
938 819 1081 905 ipsorum
1101 837 1251 882 versuum
1274 818 1359 882 refu·

251 942 337 1000 tatur
364 930 523 998 indolem.
579 929 663 999 Sunt
684 930 716 994 ei
737 928 823 993 enim
851 936 914 992 tam
936 926 1090 1013 simplicis
1117 926 1303 1008 sententiae,
1324 933 1361 990 ut

255 1041 337 1108 nihil
359 1059 492 1127 prorsus
515 1059 621 1124 neque
653 1037 686 1102 in
715 1039 831 1102 bonam
854 1039 959 1120 neque
978 1035 1011 1099 in
1033 1034 1145 1100 malam
1168 1035 1358 1120 partemue

257 1152 305 1217 eis
326 1149 468 1238 proferri
492 1147 641 1235 potuerit.

338 1259 482 1325 Primum
503 1257 681 1337 videamus,
704 1254 811 1340 quenti
826 1253 860 1318 in
875 1254 935 1319 huc
952 1253 1138 1339 quaestione
1153 1253 1299 1319 facienda
1319 1253 1360 1318 sit

255 1367 430 1436 Clementis
442 1364 659 1433 Alexandrini
671 1363 850 1430 auctoritas.
873 1360 998 1428 Etenim
1010 1363 1096 1428 hunc
1107 1362 1139 1427 in
1155 1362 1238 1428 libro
1255 1370 1358 1443 sexto,

255 1479 313 1545 ubi
335 1476 404 1562 ugit
424 1475 468 1540 de
488 1475 581 1541 furtis
602 1477 642 1543 ab
664 1472 801 1558 antiquis
818 1473 1027 1558 scriptoribus
1050 1471 1150 1553 fache,
1173 1470 1361 1536 Aristobulo

257 1576 380 1655 Iudaeo
391 1603 488 1662 usum
500 1603 572 1648 csse
586 1582 815 1648 demonstravit
823 1579 1053 1646 Valckenarius
1067 1579 1100 1642 in
1126 1579 1259 1645 diatriba
1271 1599 1364 1664 quam

263 1692 637 1776 deAristobuloludueo
660 1691 798 1777 scripsit.
835 1690 911 1755 llius
924 1689 1116 1774 quaestionis
1134 1689 1270 1776 egregia
1290 1711 1365 1776 sup·

258 1807 422 1894 plementu
450 1802 592 1870 Cobetus
623 1801 769 1888 praebuit
805 1800 840 1863 in
872 1798 1146 1866 observationibus
1185 1799 1301 1866 criticis
1332 1800 1365 1864 in

261 1914 404 1984 Platonis
424 1911 536 1979 comici
560 1910 711 1995 reliquias
731 1910 808 1974 inde
829 1933 848 1974 s
868 1932 901 1994 p.
915 1909 966 1976 63.
996 1907 1061 1990 Qui
1082 1906 1253 1976 luculentis
1276 1933 1365 1975 mon-

263 2024 384 2098 stravit
398 2020 556 2108 exemplis
574 2023 623 2106 (v.
646 2041 724 2106 prae
746 2018 861 2085 ceteris
883 2041 915 2106 p.
931 2020 985 2106 74)
1009 2019 1231 2086 Aristobulum
1260 2023 1367 2109 copias

261 2157 335 2203 suas
359 2139 576 2221 comportasse
599 2151 665 2196 non
691 2129 843 2216 perlectis
872 2129 1015 2214 ipsorum
1042 2131 1233 2217 scriptorum
1263 2131 1364 2215 libris,

265 2244 327 2309 sed
365 2241 583 2328 neglegenter
618 2239 778 2326 excerptis
812 2237 1090 2324 grammaticorum
1124 2242 1365 2306 commentariis.

263 2353 339 2418 Huc
362 2373 464 2435 usque
483 2372 617 2436 prorsus
640 2347 805 2414 consentio
827 2371 900 2414 cum
912 2348 1046 2416 Oobeto.
1084 2349 1188 2431 Quem
1213 2371 1292 2416 vero
1312 2352 1368 2416 ille

263 2471 300 2527 ut
321 2459 502 2534 testimonis
522 2467 686 2527 removeat
708 2457 1159 2544 Athenaeipscholisstuequffi
1184 2445 1367 2544 quibusin-

271 2571 408 2656 signiter
425 2568 607 2637 confirmari
618 2567 746 2634 videtur
758 2566 814 2633 ills
830 2569 905 2632 furti
922 2568 1107 2652 criminatio,
1130 2559 1369 2636 instituitretio-

273 2701 357 2762 nem,
375 2679 468 2744 nimis
482 2677 743 2743 violentum'esse
755 2677 865 2744 credo.
885 2677 1011 2743 Etenim
1026 2681 1185 2765 persuasit
1197 2681 1257 2747 sibi
1280 2703 1369 2768 prac-

270 2796 368 2863 euute
384 2788 560 2869 Dobrseo,
590 2807 674 2872 quse
694 2786 812 2872 scripta
835 2787 962 2851 suntin
985 2787 1108 2852 scholio
1131 2789 1369 2876 Aristophaneo

269 2898 343 2984 „nol
364 2899 399 2975 ἐν
420 2900 466 2982 τῷ
489 2896 666 2971 Πλάτωνος
685 2895 859 2982 Δαιδάλῳιι
889 2908 1037 2984 corrupta
1066 2919 1138 2964 esse
1169 2911 1199 2964 et
1228 2901 1371 2968 extitisse

272 3008 351 3078 olim
376 3004 450 3091 „nat
470 3005 564 3070 adiu
587 3009 620 3072 dv
635 3008 681 3093 uqi
702 3006 886 3092 acaustoe.
931 3007 1035 3089 Quam
1056 3009 1126 3096 ipse
1143 3011 1299 3077 concedet
1319 3013 1373 3077 sd·

274 3117 409 3187 modum
430 3115 583 3185 audacem
608 3127 680 3185 esse
700 3115 924 3198 coniecturum,
948 3137 1018 3182 cum
1040 3120 1139 3185 verba
1150 3119 1237 3186 illas
1257 3119 1376 3187 littera-

270 3248 344 3292 rum
357 3223 505 3292 ductibus
523 3244 678 3311 perquem
695 3224 1055 3311 sintdissimilis-neque
1066 3226 1132 3293 ulla
1147 3228 1280 3315 cogitari
1302 3252 1375 3317 pos·

272 3334 313 3402 sit
334 3334 426 3416 ratio,
451 3355 506 3400 cur
529 3335 680 3401 librarius
701 3355 762 3421 pro
777 3333 1013 3420 simplicissime
1027 3337 1183 3423 scriptura
1199 3339 1280 3405 illud
1303 3341 1377 3424 „uui

271 3443 306 3507 ἐν
331 3443 377 3529 uqi
406 3441 584 3516 Itidemque
614 3441 785 3528 Autonoe
818 3445 1010 3530 reposuerit.
1073 3446 1243 3514 Praeterea
1274 3487 1313 3500 -·
1343 3459 1378 3516 ut

273 3551 448 3637 largiamur
470 3567 585 3616 uerum
605 3550 726 3617 vidisse
749 3551 937 3619 Dobraeum
969 3593 1011 3602 -
1040 3555 1120 3620 nihil
1143 3558 1249 3624 effecit
1271 3558 1376 3626 Cobe-

275 3666 324 3724 tue
347 3659 551 3734 hac‚ratione
572 3659 634 3724 nisi
653 3669 689 3725 ut
709 3661 766 3726 illu
785 3660 961 3728 Clementis
992 3685 1050 3728 seu
1071 3665 1177 3752 potius
1200 3667 1378 3734 Aristobuli

275 3768 452 3836 criminatio
482 3787 547 3833 uon
566 3767 683 3835 nitatur
702 3755 767 3834 illis
791 3769 980 3835 scholiastae
1005 3771 1130 3856 verbis,
1155 3776 1269 3859 quibus
1286 3757 1376 3842 llae-

278 3877 368 3942 dulus
390 3878 496 3944 fabula
504 3875 630 3944 Platoni
653 3875 810 3949 tribuitur.
838 3877 920 3943 Cum
942 3901 1020 3945 vero
1043 3879 1086 3946 ita
1099 3886 1267 3970 abrumpat
1283 3907 1377 3971 quae·-

276 3985 415 4050 stionem
446 3985 522 4065 „sed
550 3985 640 4050 nritto
663 3985 726 4050 iam
749 3985 827 4052 haec
838 4035 847 4068 ,
883 3988 956 4072 quia
982 3988 1056 4054 satis
1079 4000 1222 4057 constare
1244 3993 1382 4059 arbitror

275 4093 368 4160 istam
392 4091 492 4179 plagii
516 4093 785 4176 criminationem,
808 4103 921 4182 utpote
940 4097 1037 4163 nullis
1060 4097 1186 4166 idoneis
1211 4123 1380 4187 argumen-

275 4201 316 4268 tis
338 4204 449 4277 nixam
479 4223 612 4287 prorsus
639 4203 834 4270 concidisset
858 4205 974 4294 (put)
986 4256 995 4289 ,
1028 4208 1160 4274 calidius
1191 4209 1310 4277 iudicat
1331 4212 1381 4276 vir

274 4310 487 4387 doctissimus.
528 4311 622 4395 Num,
654 4321 689 4379 ut
712 4315 907 4380 concedatur
926 4327 1013 4383 recte
1036 4318 1125 4383 illum
1146 4318 1383 4388 PlatonisDae·

285 4408 392 4488 delum
417 4443 459 4487 ex
479 4421 601 4488 scholio
625 4444 696 4490 esse
717 4433 885 4508 remotum,
908 4426 1300 4516 multaeuliaepotuerunt
1314 4454 1384 4498 esse

276 4527 427 4612 rationes,
453 4529 567 4614 quilius
589 4540 694 4600 motus
717 4534 938 4603 criminaretur
958 4519 1173 4642 Aristobulus.
1201 4539 1275 4606 Non
1299 4542 1382 4608 enim

1152 4642 1172 4704 3
