3317 5484
842 607 864 676 4

312 795 375 854 teta
396 807 480 857 ease.
516 789 644 856 Etenim
659 791 691 874 iu
704 789 918 876 antiquiorum
929 799 1099 878 poetarum
1109 791 1225 862 fabulis
1239 792 1410 861 mersuras

311 896 447 982 gradiva
469 898 605 983 quadam
625 903 795 969 sumatur
816 899 981 970 saltatione
999 900 1162 987 mna-tis
1176 900 1410 986 maiestatisque

310 1006 408 1092 plene
421 1007 568 1092 (Aristot
581 1018 666 1095 poet.
679 1009 711 1090 4‘,
727 1031 760 1096 p.
776 1010 857 1074 1449
891 1011 1040 1089 Beklsert
1063 1011 1179 1080 Attea.
1194 1009 1284 1092 XIV,
1300 1009 1362 1078 628
1379 1032 1408 1078 o·

310 1115 373 1180 629
390 1119 421 1182 b.
445 1116 509 1183 630
530 1117 579 1203 d),
598 1136 681 1203 qnae
711 1120 781 1186 siu'e
810 1119 908 1190 dubio
940 1119 1115 1190 admodum
1142 1120 1257 1188 similis
1283 1129 1350 1187 seat
1378 1121 1408 1186 ei

309 1224 542 1307 clironomian,
569 1237 662 1312 quam
685 1227 719 1294 iu
740 1229 923 1296 vetustioris
945 1228 1019 1296 artis
1042 1228 1194 1316 operibus
1218 1235 1404 1316 expressam

308 1332 465 1415 vidqmns.
514 1335 615 1416 Quod·
632 1345 668 1401 ut
688 1344 872 1418 sumamus,
895 1346 926 1400 et
945 1336 1016 1424 ipsa
1038 1337 1242 1402 sommendat
1256 1346 1336 1423 apta
1351 1349 1405 1405 nt·

309 1443 487 1524 amando,
519 1467 614 1530 quam
635 1445 667 1508 iu
692 1447 839 1511 omnibus
862 1448 960 1514 rebius
988 1446 1071 1510 inter
1093 1445 1167 1512 artis
1190 1467 1288 1534 opera
1308 1455 1405 1532 atque

306 1553 422 1638 poesin
438 1554 589 1640 tragicam
611 1553 815 1620 intercedere
834 1554 990 1635 videmus,
1015 1563 1046 1622 st
1060 1554 1179 1622 diserte
1195 1565 1244 1621 est
1256 1555 1405 1623 traditam

306 1663 345 1730 ab
366 1662 536 1728 Athenaeo
550 1662 639 1745 XIV,
659 1663 926 1744 aeneasannos
945 1662 1130 1730 sinuessa
1148 1650 1337 1752 abantiquis
1358 1687 1403 1730 as*

306 1769 442 1836 titieibus
462 1772 695 1858 repraesentari
716 1794 787 1838 esse
810 1771 927 1838 solitas.
963 1771 1028 1839 Oui
1047 1771 1163 1858 generi
1182 1773 1404 1840 rammasses

305 1890 381 1944 sunt
391 1880 522 1962 similes,
535 1881 632 1967 quiin
645 1882 855 1949 marmoribus
866 1881 981 1969 sculpti
994 1881 1086 1948 mam
1099 1903 1184 1946 nune
1195 1883 1341 1949 feruutur
1353 1882 1405 1947 dei

307 1988 454 2075 deaeque
467 1990 614 2055 sollemni
633 2013 751 2078 pompa
771 1991 999 2077 suspensisque
1022 1989 1184 2076 gradibus,
1203 1991 1344 2076 graviter
1360 2000 1404 2056 at·

306 2119 369 2182 que
390 2098 545 2164 concinne
568 2099 756 2163 incedentes
780 2099 907 2184 (Zoega
925 2099 1008 2164 bessi
1025 2098 1128 2166 rilisai
1142 2098 1257 2166 antem
1269 2108 1344 2166 tom.
1357 2099 1399 2180 11,

304 2208 368 2272 tab.
391 2207 563 2291 99-101).
593 2206 750 2293 liesdbyli
773 2207 905 2293 quidem
926 2208 1052 2274 ielis-lae
1078 2209 1210 2274 fuerunt
1236 2208 1408 2277 instructae

305 2314 363 2383 illo
386 2315 560 2381 saltadunia
586 2323 710 2402 genero
735 2315 868 2399 (Athen.
886 2315 927 2396 ¹1,
958 2316 998 2382 21
1019 2325 1047 2380 e‘.
1068 2315 1110 2382 22
1130 2318 1173 2402 α).
1217 2317 1254 2382 In
1277 2316 1402 2405 Sepho·

306 2424 364 2490 olis
388 2424 514 2492 chorios
544 2425 681 2492 carmine
713 2425 875 2490 suavitatis
900 2425 1139 2512 venustatisque
1161 2429 1277 2514 plena,
1308 2431 1405 2513 quan-

305 2539 398 2618 quam
422 2534 454 2598 iu
474 2534 703 2620 antiquioribus
730 2534 799 2599 eius
822 2533 997 2620 tragoediis
1021 2535 1147 2621 singula
1164 2535 1403 2622 extanthypsr-

305 2642 447 2706 chemate
458 2691 468 2724 ,
511 2642 598 2708 baud
640 2643 715 2707 satis
758 2641 915 2728 quadrent
957 2652 1069 2728 gestus
1104 2641 1151 2706 illi
1187 2643 1270 2708 casei
1305 2652 1401 2730 atque

303 2750 421 2836 rigidi,
451 2751 553 2816 multo
574 2751 681 2816 minus
702 2751 735 2816 in
756 2749 921 2836 Euripidis
943 2750 1109 2816 volubiles
1125 2753 1296 2819 verbosum
1321 2761 1398 2818 stre·

303 2860 397 2946 pitus.
425 2861 615 2946 Quanquam
636 2859 758 2926 ornavit
770 2859 827 2924 ilie
841 2857 994 2926 Careinus
1008 2867 1104 2946 poeta
1125 2869 1236 2927 uonna
1255 2861 1399 2928 usitatam

304 2991 341 3034 ea
372 2977 475 3034 aetate
510 2969 772 3036 eoruuetudinem
802 2969 987 3055 tragoedias
1017 2989 1091 3036 sues
1115 2970 1289 3036 artificiosis
1309 2971 1399 3036 selte-

301 3077 457 3160 tionibus,
488 3088 594 3142 tamon
623 3100 688 3142 non
719 3077 851 3164 contigit
882 3077 911 3142 ei
932 3079 1091 3164 audqusm
1112 3087 1262 3144 revocare
1285 3086 1394 3157 artem,

300 3187 359 3252 sed
380 3188 549 3274 insigniter
569 3197 705 3275 propter
723 3189 809 3253 hune
831 3195 976 3254 eonatuni
1001 3190 1209 3276 sugillabatur
1231 3188 1397 3256 eeomiuis

300 3297 404 3382 poetis
436 3297 615 3385 (Aristoph.
640 3299 739 3384 Vesp.
775 3299 859 3363 1500
890 3300 962 3384 sq.).
1005 3299 1270 3387 Peloponnesiaci
1298 3297 1397 3383 igitur

301 3405 377 3470 beili
401 3415 547 3492 tempore
569 3406 756 3492 tragoediae
787 3416 841 3470 aut
860 3407 950 3472 nulls
970 3417 1024 3472 eut
1045 3408 1216 3476 admodum
1241 3430 1312 3472 rara
1335 3405 1396 3471 sel·

299 3513 417 3576 tetiorm
431 3523 520 3577 erant
532 3513 711 3578 instructae.
738 3513 943 3601 Quapropter
953 3517 1081 3582 Σκευῶν
1093 3515 1276 3582 comoediae
1287 3523 1397 3579 sudor

299 3621 367 3686 sive
389 3621 416 3686 is
429 3621 663 3708 Aristophanes
685 3629 734 3687 est
756 3621 823 3687 sive
836 3621 925 3687 Plato
945 3623 1093 3710 antiquas
1114 3623 1191 3690 artis
1210 3621 1397 3692 memoraie

298 3730 462 3796 cavillatur
477 3740 641 3797 rosentem
663 3753 757 3796 usum
777 3731 909 3818 (Athen.
931 3731 1021 3814 XlV,
1046 3733 1110 3798 628
1134 3736 1182 3816 el:

356 3837 429 3903 ὥστ’
452 3837 487 3904 ai'
502 3864 548 3913 τις
571 3839 691 3922 ὀρχοῖτ’
712 3833 759 3919 εὖ,
784 3840 880 3922 θέαμ’
904 3835 959 3925 ἦν·
978 3844 1033 3904 νῦν
1055 3841 1089 3904 δὲ
1112 3840 1230 3923 δρῶσιν
1253 3836 1355 3914 sitia,

358 3947 425 4010 ἀλλ’
449 3943 557 4028 ὥσπερ
582 3946 777 4030 ἀπόπληκτοι
800 3949 918 4031 στάδην
939 3942 1072 4022 ἑστῶτες
1096 3945 1259 4029 ὠρύονται.

299 4055 373 4124 Alia
393 4054 453 4121 fuit
474 4055 658 4122 comoediae
680 4055 770 4121 ratio.
802 4055 844 4119 In
866 4078 926 4142 qua
948 4053 1144 4124 saltationem
1167 4076 1302 4142 eamque
1321 4054 1396 4119 satis

298 4164 481 4230 ooneitatam
511 4186 642 4251 semiper
663 4165 770 4230 locum
796 4187 890 4230 suum
911 4184 1058 4229 servasse
1095 4185 1137 4229 ex
1172 4162 1395 4251 Aristophanis

295 4278 411 4342 tabulis
433 4277 529 4344 etism
552 4299 639 4341 nuno
662 4275 886 4363 superstitibus
910 4275 984 4340 satis
1009 4284 1057 4340 est
1076 4275 1289 4342 manifestum.

378 4386 447 4451 Nee
471 4387 561 4452 ubter
580 4386 703 4450 musica
724 4407 776 4448 ars
805 4383 861 4447 illa
883 4387 984 4450 aetate
1012 4385 1113 4472 longe
1135 4386 1328 4452 abhorrebat
1352 4387 1390 4450 ab

296 4516 334 4559 eo
354 4517 480 4581 genere
490 4542 500 4577 ,
533 4517 597 4580 quo
616 4493 813 4578 antiquiores
834 4501 949 4579 poetae
971 4493 1151 4580 tragoedias
1173 4493 1393 4558 distinxerant.
