3317 5484
841 604 880 668 18

293 786 487 869 Quaeritur,·
502 775 559 851 cnr
577 785 812 872 Aristophanes
834 805 898 851 non
920 785 992 872 ipse
1015 783 1161 853 docuerit
1178 787 1240 852 has
1264 787 1400 867 tabulas,

290 894 350 960 sed
381 895 451 960 aliis
485 893 612 959 dederit
644 894 816 959 docendas.
866 893 920 957 De
954 915 1016 978 qua
1045 916 1081 958 re
1118 895 1164 960 sic
1198 896 1269 960 lere
1300 917 1397 981 argu

289 991 473 1068 mentantor
494 1002 554 1066 viri
576 1002 677 1067 docti:
700 1001 961 1089 Aristophanem,
983 1023 1055 1066 cum
1072 1001 1238 1090 Epulones
1258 1001 1397 1090 'primam

291 1113 392 1200 ipsius
425 1113 566 1178 inhulanr
597 1111 629 1175 in
660 1131 809 1176 scaenam
841 1111 1070 1176 commissurus
1102 1119 1207 1192 esset,
1239 1113 1396 1192 timuisse,

290 1210 331 1286 ns
362 1221 480 1286 archon
513 1221 627 1306 ignoto
648 1220 790 1306 alioquin
812 1217 1056 1286 adulescentulo
1089 1221 1222 1288 chorum
1257 1231 1394 1308 negarat

293 1330 470 1416 (Bergkins
491 1353 523 1416 p.
539 1331 613 1396 903.
656 1329 807 1415 [ingenus
829 1353 862 1417 p.
884 1330 975 1416 343).
1017 1329 1090 1411 Qua
1111 1330 1306 1396 verecundia
1328 1353 1396 1396 rno-

293 1449 361 1506 tum
397 1440 579 1507 Callistrato
611 1441 687 1506 satis
721 1442 783 1506 iam
811 1449 888 1505 noto
921 1449 1035 1525 poetae
1066 1439 1254 1521 mandasse,
1293 1448 1328 1504 nt
1365 1440 1397 1504 in

293 1547 461 1636 Epulones
475 1547 627 1631 fabulam,
637 1547 811 1636 quasiipae
821 1547 1010 1635 scripsisset,
1027 1549 1161 1616 chorum
1174 1557 1297 1636 peteret
1313 1567 1396 1613 eam·

292 1680 355 1743 qne
364 1657 578 1724 committeret
589 1658 622 1722 io
634 1679 781 1724 scaenam
793 1649 1011 1744 (Berghiusp.
1021 1657 1093 1724 908.
1106 1657 1257 1744 hogerus
1267 1658 1396 1744 p343).

289 1766 357 1832 Iam
374 1766 458 1848 ride,
472 1775 589 1852 quanta
600 1767 787 1834 difficultate
798 1767 924 1832 laboret
933 1767 1013 1831 haec
1026 1759 1232 1832 ratiocinatio.
1256 1766 1395 1847 Etenim,

291 1893 355 1960 qno
376 1874 447 1940 iure
468 1884 606 1940 statuant
617 1874 837 1942 Callistratum
853 1884 964 1940 notum
979 1874 1079 1940 fuisse
1099 1884 1238 1962 poetam,
1260 1892 1397 1963 prossus

290 2002 357 2048 non
378 1983 550 2070 perspicio.
592 1983 697 2049 Immo
717 1985 792 2050 satis
809 1982 966 2069 ignobilis
979 1979 1107 2048 videtur
1127 1983 1227 2048 fnisse
1235 2027 1244 2064 ,
1275 1983 1396 2070 qnippe

293 2092 385 2156 onina
404 2111 530 2158 nomen·
545 2093 647 2179 spissa
675 2104 800 2180 premat
826 2088 941 2180 caligo.
987 2094 1106 2160 Nullus
1139 2094 1222 2160 enim
1256 2095 1397 2160 comicus

292 2205 723 2288 onm'commomorotpoeta
744 2223 852 2287 neque
873 2202 972 2267 ullius
998 2202 1067 2266 eins
1083 2202 1269 2268 comoediae
1286 2197 1397 2267 titulus

292 2315 438 2373 serratus
450 2318 499 2374 est
509 2325 616 2394 neque
627 2308 729 2374 ullum
741 2303 968 2396 fragmentum.
986 2309 1075 2389 Quid
1085 2305 1172 2396 qnod
1185 2319 1396 2397 compostum

292 2418 393 2483 fuisse
423 2438 466 2481 ex
497 2438 564 2483 uno
587 2417 812 2504 Aristophanis
840 2415 994 2484 conicitur
1023 2413 1119 2484 sessu
1151 2415 1267 2507 (Vesp.
1293 2419 1394 2486 1018:

290 2522 332 2586 τὰ
354 2527 412 2606 μὲν
434 2525 470 2587 οὐ
488 2529 652 2609 φανερῶς,
675 2526 744 2588 ἀλλ’
768 2527 950 2608 ἐπικουρῶν
967 2527 1107 2610 apricitas
1119 2521 1257 2610 ἑτέροισι
1278 2544 1393 2611 nostr]-

289 2657 335 2694 τα
345 2636 405 2717 ῖς).
428 2633 497 2699 Gur
510 2627 746 2722 Aristophanes
761 2654 825 2700 non
841 2634 1034 2722 Eupolidem
1048 2637 1155 2723 potius
1169 2635 1244 2700 adiit
1256 2643 1396 2723 poetam,

291 2762 365 2806 cum
397 2762 461 2828 quo
492 2762 567 2806 cum
599 2743 709 2829 priore
737 2742 796 2807 illo
817 2753 965 2831 tempore
988 2739 1162 2831 praecipua
1184 2741 1396 2808 familiaritate

291 2851 492 2916 coniunctum
518 2851 619 2919 fuisse
645 2861 767 2919 constat
797 2851 921 2939 (Schol.
941 2851 1022 2938 Equ.
1048 2848 1144 2938 1288)
1180 2873 1320 2937 eumque
1345 2873 1395 2917 ro·

290 2959 401 3046 gavit,
426 2969 462 3024 ut
482 2961 515 3023 in
536 2958 703 3046 Epulum
727 2963 816 3047 quasi
838 2965 877 3028 ab
900 2955 1141 3049 ipso'scriptam
1176 2963 1214 3028 ab
1244 2961 1396 3027 archonte

289 3069 424 3134 chorum
447 3068 607 3153 peteret?
644 3069 719 3150 Vel,
742 3069 769 3133 si
790 3069 894 3134 noluit
908 3065 1043 3156 Eupolis
1063 3069 1248 3136 comoediae
1270 3072 1309 3136 ab
1330 3068 1394 3132 alio

289 3177 426 3264 scriptos
448 3177 551 3264 ipsius
571 3179 733 3265 praebere
751 3199 891 3260 nomen,
920 3188 1016 3266 posta
1037 3176 1093 3244 ille
1113 3179 1222 3244 multis
1243 3177 1304 3246 iam
1329 3177 1391 3242 vio

289 3286 378 3352 toriis
400 3286 536 3372 insignis
560 3287 787 3373 Aristophanis
817 3289 1002 3353 comoedias
1033 3289 1261 3354 commendare
1291 3288 1395 3376 potuit

287 3394 442 3476 archonti,
466 3393 520 3480 qui
545 3395 614 3460 sine
636 3396 734 3462 dubio
758 3395 854 3462 fidem
870 3395 1035 3462 habuisset
1049 3397 1118 3462 viro
1134 3396 1394 3464 celebratissima.

287 3502 353 3585 Qui
386 3496 544 3570 tolluntur
576 3504 737 3592 scrupuli,
771 3505 797 3570 si
830 3505 994 3571 statuimus
1017 3503 1234 3572 Callistratum
1266 3505 1393 3590 ignobi-

290 3614 354 3678 lem
379 3612 478 3678 fuisso
498 3623 637 3701 poetam,
660 3623 691 3678 at
715 3615 835 3701 optime
864 3635 1001 3700 gnarum
1027 3617 1151 3695 artium,
1175 3609 1293 3700 'quibua
1308 3633 1391 3700 opus

287 3720 385 3786 fuerit
408 3721 449 3786 ad
465 3721 644 3786 docendum
668 3721 818 3801 chorum
840 3723 1089 3810 Aristophanem
1114 3721 1328 3788 stotim'initio
1342 3720 1391 3788 sui

287 3830 390 3917 ipsius
411 3830 558 3915 posticae
578 3823 679 3896 indoli
703 3853 776 3897 esse
798 3831 954 3898 confisum
978 3835 1022 3918 (v.
1046 3830 1241 3918 quaestionis
1260 3841 1393 3898 nostrae

287 3959 320 4025 p.
332 3940 411 4025 21),
434 3947 466 4004 at
493 3938 637 4004 noluisse
661 3940 781 4005 docere
813 3942 965 4021 chorum,
1000 3936 1120 4027 quippe
1148 3937 1180 4002 in
1204 3959 1266 4024 qna
1286 3960 1324 4004 re
1345 3938 1393 4004 in·

286 4138 411 4206 ,possunt
427 4118 526 4188 chntra
545 4133 621 4186 illam
640 4133 829 4188 coniecturum
842 4173 856 4200 ‚a
869 4134 1019 4206 largiamur
1038 4151 1099 4186 cum
1117 4137 1193 4186 recte
1212 4133 1345 4210 statuisse
1360 4157 1391 4172 ψ

290 4246 464 4298 nequaquam
480 4229 533 4282 hoc
554 4229 682 4299 infringit
700 4230 743 4296 id,
769 4231 843 4298 quod
868 4230 926 4284 dixi
947 4230 1025 4283 chori
1046 4229 1209 4298 magistrum
1229 4228 1312 4281 fuisse
1333 4228 1392 4282 Gal-

283 4306 441 4379 ⁸listrutum.
471 4325 580 4395 Optime
600 4327 672 4378 enim
689 4326 784 4395 potuit
802 4325 872 4390 fieri,
891 4329 931 4392 ut,
951 4325 996 4391 qui
1009 4324 1123 4377 chorum
1135 4303 1285 4386 docuisset,
1306 4323 1390 4376 etiam

282 4423 394 4491 'primas
421 4422 451 4475 in
479 4422 573 4477 fabula
599 4423 753 4491 susciperet
769 4426 879 4489 partes,
899 4421 928 4472 id
947 4421 1020 4488 quod
1039 4418 1213 4488 Agathonem
1233 4420 1331 4472 facisse
1352 4419 1389 4472 vi-

285 4498 383 4574 simus
401 4528 437 4589 (p.
458 4523 510 4590 11).
