3317 5484
800 614 821 680 3

259 803 375 868 fuisset
391 795 523 880 mirnm,
548 799 574 865 si
595 799 647 864 vir
666 793 806 884 insignis
819 793 881 885 qna
895 789 1147 885 praeditus'erat,¹
1169 801 1278 868 indole
1293 825 1354 869 non
1381 807 1384 818 '

258 905 345 977 nsns'
364 918 453 975 os'set
472 907 513 973 sd
535 908 699 974 docendos
720 908 897 989 chorentas,
917 909 981 994 qni,
1004 908 1133 974 sibene
1156 920 1244 977 crant
1265 933 1357 977 exer·

260 1017 359 1099 citati,
383 1017 521 1105 egregie
543 1016 806 1083 commendabant
838 1017 891 1082 vel
924 1018 1054 1083 minoris
1086 1019 1179 1107 pretii
1208 1021 1357 1086 fabulam.

260 1124 452 1214 Composuit
482 1134 649 1213 praeterea
670 1123 787 1190 librum
816 1125 860 1190 de
881 1126 979 1191 choro
1001 1125 1106 1210 (Snid.
1126 1151 1155 1190 v.
1178 1129 1356 1214 Σοφοκλῆς)

264 1243 297 1302 et
322 1235 355 1299 in
384 1233 540 1300 vitastis
572 1242 620 1300 est
647 1233 795 1299 traditum
819 1253 893 1298 enm
925 1232 1005 1314 πρὸς
1031 1231 1087 1307 τοὶς
1115 1233 1227 1318 φύσεις
1256 1233 1359 1297 αύτῶν

264 1347 300 1423 (i.
325 1367 353 1410 e.
382 1346 447 1423 τρῖν
478 1339 657 1426 ύποκριτῶν
683 1342 739 1405 καί
768 1343 944 1426 χορευτῶν)
974 1342 1101 1425 γράψαι
1129 1340 1168 1406 τὰ
1198 1343 1357 1426 δράματα,

262 1460 334 1527 ταῖς
351 1454 387 1516 δὲ
405 1451 561 1536 Μούσαις
580 1450 697 1513 θιάσον
720 1450 756 1514 ἐκ
781 1450 843 1512 τῶν
865 1449 1128 1530 πεπαιδευμένων
1157 1457 1356 1534 συναγαγεῖν.

263 1560 315 1627 Ex
343 1558 459 1647 quibus
487 1556 688 1624 manifestum
722 1566 772 1625 est
800 1557 986 1623 artissimam
1015 1555 1166 1645 Sophocli
1199 1555 1359 1624 cumillis

261 1640 483 1734 intercosiisse
504 1665 788 1747 consuetudinem,
818 1675 854 1730 ut
880 1664 1014 1730 dubitari
1046 1689 1111 1732 non
1130 1668 1252 1753 possit,
1283 1667 1359 1754 quin

264 1777 389 1866 ipsein
411 1776 528 1846 fabulis
548 1776 615 1842 suis
637 1775 781 1841 docuerit
799 1775 924 1841 choros.

334 1887 526 1974 ,Sophoclea
557 1889 661 1974 ι’ρίιαι·
692 1909 735 1950 occ
758 1885 858 1949 trihus
885 1885 952 1948 iltis
976 1909 1056 1973 ρααι
1083 1885 1159 1948 dimi
1177 1886 1366 1952 αιιιαενύύαο

264 2019 362 2062 caum
383 1991 575 2060 Ιιιόονιίοασύι
597 1994 732 2071 adiecit,
760 1996 895 2058 retinuit
925 1993 1004 2058 duaa
1037 2005 1159 2057 tactum
1180 2008 1298 2080 poetae
1330 2011 1361 2059 ct

265 2106 360 2170 chori
378 2105 532 2193 magistri
547 2116 670 2189 portes.

351 2213 413 2295 Qui
434 2221 509 2301 post
532 2233 606 2277 enm
630 2211 803 2276 extiterunt
822 2220 949 2298 poetae,
966 2211 1126 2276 histrionis
1139 2233 1274 2277 munere
1293 2213 1361 2299 ple-

263 2343 396 2408 rumque
406 2320 613 2401 abstinebant,
621 2320 655 2384 id
667 2319 754 2405 qnod
765 2319 892 2384 disertis
903 2319 1009 2384 verbis
1019 2319 1101 2384 vitae
1113 2319 1208 2384 tradit
1218 2321 1362 2407 scriptor.

265 2432 311 2497 At
323 2430 352 2496 is
369 2453 440 2496 cum
456 2426 621 2510 dicat„xai
641 2425 743 2491 πολλὰ
763 2425 1005 2510 ἐκαινούργησαν
1027 2426 1234 2514 (Sophocles)
1252 2427 1286 2492 ἐν
1298 2435 1363 2502 τοῖς

267 2540 370 2622 ιἰγοῑσι
391 2541 516 2621 πρῶτον
535 2540 595 2619 μὲν
613 2535 792 2613 καταλύσας
811 2533 868 2619 τὴν
888 2532 1055 2620 ύσύκρισιν
1081 2537 1136 2598 τοῦ
1156 2539 1287 2620 ποιητοῦ
1308 2534 1361 2599 out

267 2643 323 2728 τὴν
356 2645 443 2710 ἰδίαν
474 2647 721 2731 μικροφωνιανς
752 2665 822 2710 rem
849 2665 1049 2732 magnopere
1079 2654 1186 2731 auget.
1228 2644 1363 2710 Anticus

269 2756 354 2820 enim
375 2775 467 2836 moa,
501 2777 564 2840 qno
594 2764 688 2843 poeta
716 2756 789 2842 ipse
819 2753 981 2818 histrionis
1004 2775 1138 2818 munere
1164 2754 1364 2840 fungeretur,

267 2885 334 2927 non
355 2885 491 2950 prorsus
510 2864 645 2929 abolitus
664 2872 721 2944 est,
743 2863 804 2929 sed
824 2862 918 2927 etiam
940 2870 1014 2948 post
1027 2861 1221 2950 Sophoclem
1235 2863 1365 2926 fuerunt

268 2980 395 3057 poetae,
418 2971 473 3057 qni
493 2970 554 3060 ipsi
573 2983 680 3061 partes
701 2981 839 3060 agerent
859 2971 892 3036 in
912 2971 1043 3052 fabulis,
1069 2971 1102 3035 id
1125 2971 1212 3057 qnod
1234 2971 1369 3057 Agatho

269 3080 345 3145 fecit
374 3079 480 3163 (Suid.
506 3103 535 3143 v.
558 3081 738 3165 μυρμήκων
770 3079 930 3164 ἀτραπούς
963 3088 995 3143 et
1025 3101 1055 3142 v.
1086 3078 1237 3162 χορικύς,
1273 3079 1363 3144 Plato

269 3210 411 3276 sympos.
424 3210 456 3277 p.
475 3189 536 3254 194
553 3190 600 3275 b),
622 3189 822 3277 Antiphanes
847 3189 985 3255 comicus
1000 3188 1146 3276 (Boeckh
1169 3210 1257 3276 corp.
1271 3189 1365 3254 inser.

266 3287 876 3384 1350)‚1sehanderDsm0sthenicae
899 3295 1008 3362 nentis
1031 3297 1170 3386 tragicus
1194 3297 1365 3385 (Harpocr.

267 3430 297 3469 v.
312 3402 527 3489 Ἴσχανδρος,
542 3405 607 3470 vita
628 3407 797 3472 Aeschinis
818 3429 850 3494 p.
873 3407 935 3472 269
955 3429 984 3469 v.
1007 3407 1083 3492 27),
1111 3408 1244 3472 fortasse
1276 3405 1367 3471 etiarn

269 3514 458 3600 Astydamas
481 3514 618 3600 (Zenob.
639 3517 671 3597 5,
697 3516 782 3601 100).

352 3620 483 3688 Oircum
504 3623 582 3688 belli
598 3624 863 3712 Peloponnesiaci
878 3632 1032 3713 tempora,
1048 3623 1239 3713 praesertim
1261 3623 1365 3689 autem

168 3755 171 3759 ·
270 3731 526 3798 mortnoPcricle
538 3732 763 3818 augustissimo
772 3753 880 3797 rerum
892 3731 1137 3798 Atheniensium
1152 3732 1367 3813 moderatore,

267 3861 338 3902 cnm
350 3860 404 3903 res
423 3838 553 3926 publica
566 3840 599 3903 in
617 3840 706 3926 volgi
724 3843 915 3928 potestatem
933 3839 1063 3906 cederet
1079 3839 1307 3928 desineret'que
1319 3839 1365 3903 le-

269 3967 357 4030 gum,
381 3947 498 4032 quibus
519 3957 611 4013 antea
632 3948 801 4028 nitebatur,
810 3947 1015 4030 verecundia,
1040 3949 1130 4014 etiam
1152 3949 1260 4036 poesis
1282 3970 1368 4012 scae-

262 4053 353 4120 nicae
388 4057 499 4141 leges,
533 4079 615 4142 quac
649 4079 753 4143 usqne
791 4074 846 4123 eo·
865 4057 1014 4122 adcurate
1048 4055 1235 4123 observatae
1268 4067 1366 4139 erant,

179 4240 182 4248 Ι
263 4162 405 4250 neglegi
426 4165 559 4252 coeptae
578 4175 662 4230 snnt.
685 4166 765 4231 Inde
786 4165 871 4231 enim
892 4169 931 4232 ab
954 4163 1059 4232 01.89
1082 4165 1256 4251 (tac-21)
1278 4166 1369 4253 paul-

263 4269 354 4335 latim
382 4271 547 4337 desiernnt
574 4283 690 4361 poetae
708 4297 822 4339 versos
847 4274 888 4339 ad
913 4273 1057 4359 antiquae
1089 4275 1267 4341 subtilitatis
1294 4297 1368 4340 nor-

260 4401 348 4446 mam
377 4379 542 4446 excudere
573 4392 606 4448 et
631 4383 664 4448 in
698 4383 850 4449 diverbiis
873 4382 986 4448 sectari
1008 4383 1208 4469 singularum
1231 4384 1366 4472 partium

261 4488 516 4556 concinnitatem.
552 4491 614 4556 Vel
634 4493 727 4579 prius
747 4492 943 4558 chironomia
980 4492 1100 4557 sensim
1135 4491 1263 4558 videtur
1298 4517 1366 4559 mu·
