3317 5484
822 637 866 704 84

301 818 443 904 ast2vsri
474 817 581 886 simile
613 838 684 884 rem
703 818 794 886 illam
813 820 855 884 ab
885 839 925 885 oo
947 826 1069 885 temero
1090 820 1196 886 fictam
1216 839 1311 902 esse,
1345 821 1407 888 sed

298 950 364 997 nou
383 927 478 998 alitor
497 935 592 1012 atquo
612 926 827 994 aliarum-sius
841 926 1092 994 criminationum
1117 917 1210 994 etiam
1231 929 1325 996 huius
1348 949 1407 1018 op-

297 1038 420 1125 probrii
442 1037 597 1118 rationes,
618 1036 694 1102 licet
714 1036 952 1123 ineptissimae,
975 1036 1126 1104 videntur
1149 1039 1265 1122 luisse,
1289 1040 1406 1124 quibus

296 1146 330 1211 in
350 1167 494 1211 errorem
514 1145 755 1233 perduceretur.

383 1253 477 1335 Quae
489 1277 561 1322 oum
577 1255 620 1321 ita
638 1255 710 1338 sint,
733 1256 853 1322 reiecta
864 1256 1039 1324 Oobotiana
1059 1255 1217 1322 sententia
1227 1255 1400 1342 proferam,

297 1363 378 1452 quid
398 1364 470 1452 ipse
498 1364 642 1430 santiam.
684 1363 764 1431 Siue
789 1364 888 1430 dubio
908 1364 1072 1440 Adiciatur
1100 1385 1162 1430 nna
1193 1363 1251 1428 fuit
1278 1363 1403 1444 tabula,

299 1473 389 1542 euius
408 1483 574 1540 auctorem
593 1473 791 1560 grammatici
809 1473 863 1539 ulii
886 1471 1136 1562 Aristophanem
1161 1493 1244 1556 esse,
1267 1471 1320 1538 alii
1341 1479 1405 1538 ata·

298 1591 427 1649 tueruut
445 1581 623 1665 Platonem,
644 1581 722 1648 item
742 1591 778 1646 ut
797 1581 920 1646 Σκεναί
943 1583 1048 1649 fabula
1070 1582 1166 1648 modo
1189 1580 1401 1668 Aristophani

294 1693 394 1760 modo
413 1690 539 1758 Platoni
573 1698 623 1757 est
640 1691 757 1758 tributa
779 1691 945 1776 (Mainake
967 1690 1039 1758 hist.
1061 1692 1129 1758 orit.
1151 1711 1183 1779 p.
1200 1691 1287 1778 184).
1339 1690 1402 1755 lta·

297 1822 360 1888 que
387 1801 508 1890 optime
537 1799 608 1867 fiori
638 1800 759 1887 potuit,
793 1809 829 1866 ut
849 1802 1068 1888 grammatici,
1103 1809 1199 1890 prout
1219 1799 1403 1867 Daedalum

297 1912 351 1978 val
371 1909 582 1996 Aristophani
602 1910 843 1998 adscripserunt
870 1911 925 1975 sol
945 1911 1089 1996 Platoni,
1126 1911 1260 1977 eosdem
1288 1931 1404 1976 versus

297 2021 397 2088 modo
428 2041 470 2086 ex
502 2019 913 2107 AristophaneoDaedalo
947 2022 1044 2086 modo
1072 2043 1121 2101 ,ex
1152 2019 1316 2088 Platonico
1346 2020 1402 2085 sd-

297 2133 434 2213 ,ferrent
458 2140 570 2218 utpote
586 2151 667 2216 quae
688 2151 755 2195 nou
769 2130 917 2197 diversae
941 2131 1117 2198 ossoutsed
1138 2153 1203 2198 nna
1223 2131 1401 2216 eademque

298 2242 414 2310 fabula.
456 2241 568 2327 Itaque
587 2240 806 2323 Aristobulus,
831 2262 903 2307 cum
929 2241 1210 2327 grammaticorum
1241 2261 1400 2307 commcn-

296 2353 395 2418 tan'os
418 2349 638 2438 perlustraret,
661 2371 785 2434 versus,
811 2372 893 2436 quos
918 2350 998 2416 alius
1020 2350 1246 2437 grammaticus
1267 2369 1310 2415 ox
1330 2349 1401 2418 Pla·

293 2459 376 2527 tonis
388 2457 535 2524 Daedalo
556 2457 744 2544 protulerat,
766 2459 852 2545 apud
875 2459 972 2525 alium
983 2457 1202 2546 Aristophani
1226 2458 1402 2546 adscriptos

294 2570 416 2636 invenit
442 2567 613 2654 statuitque
641 2567 684 2633 ita
711 2566 746 2632 in
776 2587 919 2634 errorem
951 2565 1126 2654 perductus
1150 2568 1400 2656 Aristophanem

295 2688 327 2748 et
346 2678 513 2745 Platonem
534 2673 593 2760 ,toi
612 2669 737 2741 ἑαυτῶν
758 2672 1002 2762 ipsspstooaat.
1123 2715 1125 2724 ι

338 2790 385 2854 At
405 2787 610 2855 redeundum
627 2786 669 2852 ad
688 2787 899 2874 propositum.
948 2787 1050 2853 Etiam
1070 2795 1238 2876 postquam
1261 2789 1391 2856 comicus

297 2900 413 2966 chorus
434 2897 570 2966 abolitus
591 2905 641 2962 est
674 2904 789 2983 poetae
810 2897 933 2964 fabulas
954 2897 1024 2963 aliis
1045 2895 1208 2966 docendas
1230 2899 1397 2966 dederunt.

295 3008 394 3074 Vnda
421 3005 453 3073 id
473 3028 650 3094 possumus
679 3005 876 3073 concludere
906 3006 1081 3094 superiore
1096 3027 1224 3094 quoque
1253 3015 1399 3095 tempore

298 3139 365 3183 non
383 3115 490 3182 solum
504 3115 635 3181 chorum
652 3113 780 3180 doctum
794 3137 867 3180 esse
882 3140 902 3180 a
916 3115 1006 3180 chori
1019 3116 1191 3202 magistris,
1211 3117 1281 3200 sed,
1303 3137 1400 3204 quae·

300 3245 427 3310 cunque
449 3222 838 3305 administrandafuorint,
863 3223 939 3288 dum
961 3223 1069 3290 fabula
1088 3223 1280 3294 inaccensam
1297 3227 1400 3309 datur,

296 3335 398 3403 obsis
422 3331 525 3400 curari
551 3351 623 3398 esse
642 3331 745 3398 solita.
769 3330 917 3400 Vidimus
926 3331 1174 3419 Aristophanem
1193 3320 1347 3400 Ooc'alum
1369 3343 1401 3400 et

294 3441 569 3522 Aeolosioonem,
592 3462 673 3524 quas
692 3461 735 3505 ex
753 3440 1090 3508 medise‘oomoediae
1113 3443 1244 3508 fuerunt
1265 3463 1398 3529 genero,

295 3549 425 3617 Araroti
446 3547 515 3614 filio
536 3547 696 3614 docendas
728 3549 907 3614 mandasse.
949 3548 1024 3614 Non
1045 3551 1137 3616 alitor
1159 3550 1303 3618 Eubulus
1323 3550 1402 3615 Phi·

293 3659 384 3748 lippi,
408 3659 461 3745 qui
481 3659 568 3724 idem
596 3656 821 3743 Aristophanis
850 3655 936 3723 filius
965 3669 1041 3741 erat,
1067 3679 1166 3746 opera
1188 3662 1336 3727 utebatur
1345 3659 1399 3746 ¹⁴).

295 3770 393 3836 Vnde
415 3767 633 3856 grammatici,
665 3768 719 3833 nbi
741 3767 774 3832 in
797 3767 934 3855 publicis
959 3767 1157 3835 documentis
1176 3768 1318 3856 Philippi
1340 3788 1397 3834 no·

294 3900 370 3945 men
390 3877 545 3966 scriptum
564 3877 772 3959 invenerunt,
806 3875 1012 3960 dubitabant,
1035 3886 1141 3942 utrum
1165 3876 1266 3964 ipsius
1292 3877 1399 3945 fabula

295 3995 447 4054 certasset
465 3986 634 4070 Philippus
655 4007 696 4050 an
717 3968 836 4052 Eubuli
865 3995 952 4052 asset
981 3987 1147 4054 comoedia
1173 3985 1325 4075 Philippo
1357 3988 1398 4054 ad
1462 4077 1465 4080 -

297 4095 479 4163 docendum
504 4095 679 4160 commissa.
703 4094 813 4160 Veluti
827 4095 1015 4162 Athenaeus
1026 4095 1116 4180 XIII,
1133 4097 1196 4164 568
1213 4099 1229 4162 f
1249 4097 1291 4164 da
1311 4096 1396 4163 Nan-

294 4205 349 4270 nio
378 4203 488 4275 fabula
507 4203 607 4270 verba
630 4203 749 4271 faciens
784 4203 965 4270 dubitanter
981 4205 1079 4272 'addit
1106 4205 1156 4290 ,st
1176 4203 1339 4288 Εὐβούλου
1362 4203 1397 4270 τὸ

299 4316 408 4400 δρᾶμα
427 4313 483 4377 καί
500 4307 546 4394 μὴ
570 4312 753 4380 Φιλίππουα
784 4314 845 4402 (alc
864 4313 1043 4381 Meinekius
1066 4315 1139 4382 hist.
1162 4315 1229 4384 erit.
1251 4317 1315 4383 342
1335 4337 1395 4407 pro

368 4459 413 4529 14>
435 4457 526 4514 Sohul
549 4456 579 4513 in
600 4457 832 4529 Plst.ap01.331
853 4454 954 4515 Baka:
981 4465 1052 4532 τρεῖς
1079 4459 1107 4514 d'
1133 4458 1216 4534 ἔσχεν
1235 4457 1308 4522 υἱοὺς
1325 4461 1396 4532 (Ari-

295 4557 454 4628 stephanos)
463 4558 607 4612 Φίλιππον
623 4553 673 4612 τὸν
689 4563 746 4616 τοῖς
762 4549 901 4625 Εὖβούλου
920 4552 1060 4630 δράμασιν
1079 4553 1289 4631 ἀγωνισάμενον
1307 4575 1331 4613 e.
1340 4575 1365 4627 q.
1375 4575 1396 4612 a.
