<?xml version="1.0" encoding="UTF-8"?>
<!DOCTYPE html PUBLIC "-//W3C//DTD XHTML 1.0 Transitional//EN"
    "http://www.w3.org/TR/xhtml1/DTD/xhtml1-transitional.dtd">
<html xmlns="http://www.w3.org/1999/xhtml" xml:lang="en" lang="en">
 <head>
  <title>
</title>
<meta http-equiv="Content-Type" content="text/html;charset=utf-8" />
  <meta name='ocr-system' content='tesseract 3.04.00' />
  <meta name='ocr-capabilities' content='ocr_page ocr_carea ocr_par ocr_line ocrx_word'/>
</head>
<body>
  <div class='ocr_page' id='page_1' title='image "./quaestionesscae00helbgoog_0030.png"; bbox 0 0 3317 5484; ppageno 0'>
   <div class='ocr_carea' id='block_1_1' title="bbox 831 599 874 662">
    <p class='ocr_par' dir='ltr' id='par_1_1' title="bbox 831 599 874 662">
     <span class='ocr_line' id='line_1_1' title="bbox 831 599 874 662; baseline 0 0"><span class='ocrx_word' id='word_1_1' title='bbox 831 599 874 662; x_wconf 78' lang='lat'><strong>20</strong></span> 
     </span>
    </p>
   </div>
   <div class='ocr_carea' id='block_1_2' title="bbox 291 805 1420 4262">
    <p class='ocr_par' dir='ltr' id='par_1_2' title="bbox 293 805 1420 3494">
     <span class='ocr_line' id='line_1_2' title="bbox 303 805 1409 892; baseline -0.005 -18"><span class='ocrx_word' id='word_1_2' title='bbox 303 807 402 874; x_wconf 80' lang='lat' dir='ltr'><strong>certis</strong></span> <span class='ocrx_word' id='word_1_3' title='bbox 426 805 612 872; x_wconf 71' lang='lat' dir='ltr'><strong>testimoniis</strong></span> <span class='ocrx_word' id='word_1_4' title='bbox 634 806 673 871; x_wconf 92' lang='lat' dir='ltr'><strong>sit</strong></span> <span class='ocrx_word' id='word_1_5' title='bbox 696 806 844 872; x_wconf 89' lang='lat' dir='ltr'><strong>traditum</strong></span> <span class='ocrx_word' id='word_1_6' title='bbox 868 816 933 872; x_wconf 85' lang='lat' dir='ltr'><strong>tres</strong></span> <span class='ocrx_word' id='word_1_7' title='bbox 968 806 1038 870; x_wconf 90' lang='lat' dir='ltr'><strong>illas</strong></span> <span class='ocrx_word' id='word_1_8' title='bbox 1071 807 1210 888; x_wconf 84' lang='lat' dir='ltr'><strong>fabulas,</strong></span> <span class='ocrx_word' id='word_1_9' title='bbox 1238 827 1320 892; x_wconf 84' lang='lat' dir='ltr'><strong>quae</strong></span> <span class='ocrx_word' id='word_1_10' title='bbox 1357 826 1409 870; x_wconf 91' lang='lat' dir='ltr'><strong>so·</strong></span> 
     </span>
     <span class='ocr_line' id='line_1_3' title="bbox 304 913 1410 1001; baseline -0.001 -22"><span class='ocrx_word' id='word_1_11' title='bbox 304 917 356 980; x_wconf 81' lang='lat' dir='ltr'><strong>lse</strong></span> <span class='ocrx_word' id='word_1_12' title='bbox 376 913 548 1000; x_wconf 80' lang='lat' dir='ltr'><strong>Equitibus</strong></span> <span class='ocrx_word' id='word_1_13' title='bbox 567 915 693 1001; x_wconf 78' lang='lat' dir='ltr'><strong>priores</strong></span> <span class='ocrx_word' id='word_1_14' title='bbox 715 913 859 1001; x_wconf 89' lang='lat' dir='ltr'><strong>prodiise</strong></span> <span class='ocrx_word' id='word_1_15' title='bbox 886 915 1064 995; x_wconf 88' lang='lat' dir='ltr'><strong>traduntur,</strong></span> <span class='ocrx_word' id='word_1_16' title='bbox 1087 938 1104 977; x_wconf 88' lang='lat' dir='ltr'><strong>a</strong></span> <span class='ocrx_word' id='word_1_17' title='bbox 1130 914 1312 980; x_wconf 78' lang='lat' dir='ltr'><strong>Callistrato</strong></span> <span class='ocrx_word' id='word_1_18' title='bbox 1335 933 1410 980; x_wconf 83' lang='lat' dir='ltr'><strong>esse</strong></span> 
     </span>
     <span class='ocr_line' id='line_1_4' title="bbox 306 1022 1408 1112; baseline -0.004 -20"><span class='ocrx_word' id='word_1_19' title='bbox 306 1027 426 1107; x_wconf 83' lang='lat' dir='ltr'><strong>doctos,</strong></span> <span class='ocrx_word' id='word_1_20' title='bbox 448 1022 582 1112; x_wconf 85' lang='lat' dir='ltr'><strong>adparet</strong></span> <span class='ocrx_word' id='word_1_21' title='bbox 605 1033 733 1111; x_wconf 87' lang='lat' dir='ltr'><strong>praeter</strong></span> <span class='ocrx_word' id='word_1_22' title='bbox 753 1024 824 1088; x_wconf 88' lang='lat' dir='ltr'><strong>illas</strong></span> <span class='ocrx_word' id='word_1_23' title='bbox 845 1025 899 1088; x_wconf 86' lang='lat' dir='ltr'><strong>vel</strong></span> <span class='ocrx_word' id='word_1_24' title='bbox 921 1045 1016 1088; x_wconf 90' lang='lat' dir='ltr'><strong>unam</strong></span> <span class='ocrx_word' id='word_1_25' title='bbox 1040 1023 1092 1087; x_wconf 84' lang='lat' dir='ltr'><strong>vel</strong></span> <span class='ocrx_word' id='word_1_26' title='bbox 1111 1024 1221 1109; x_wconf 83' lang='lat' dir='ltr'><strong>plures</strong></span> <span class='ocrx_word' id='word_1_27' title='bbox 1235 1033 1319 1089; x_wconf 85' lang='lat' dir='ltr'><strong>actas</strong></span> <span class='ocrx_word' id='word_1_28' title='bbox 1335 1045 1408 1088; x_wconf 84' lang='lat' dir='ltr'><strong>esse</strong></span> 
     </span>
     <span class='ocr_line' id='line_1_5' title="bbox 305 1131 1407 1220; baseline -0.004 -20"><span class='ocrx_word' id='word_1_29' title='bbox 305 1135 498 1214; x_wconf 81' lang='lat' dir='ltr'><strong>comoedias,</strong></span> <span class='ocrx_word' id='word_1_30' title='bbox 523 1155 605 1220; x_wconf 86' lang='lat' dir='ltr'><strong>quas</strong></span> <span class='ocrx_word' id='word_1_31' title='bbox 628 1135 667 1198; x_wconf 91' lang='lat' dir='ltr'><strong>ab</strong></span> <span class='ocrx_word' id='word_1_32' title='bbox 690 1132 769 1206; x_wconf 85' lang='lat' dir='ltr'><strong>aliis,</strong></span> <span class='ocrx_word' id='word_1_33' title='bbox 792 1134 927 1198; x_wconf 74' lang='lat' dir='ltr'><strong>fortasse</strong></span> <span class='ocrx_word' id='word_1_34' title='bbox 946 1156 965 1196; x_wconf 93' lang='lat' dir='ltr'><strong>a</strong></span> <span class='ocrx_word' id='word_1_35' title='bbox 988 1132 1169 1213; x_wconf 85' lang='lat' dir='ltr'><strong>Philonide,</strong></span> <span class='ocrx_word' id='word_1_36' title='bbox 1193 1132 1310 1196; x_wconf 83' lang='lat' dir='ltr'><strong>fiacrint</strong></span> <span class='ocrx_word' id='word_1_37' title='bbox 1331 1131 1407 1196; x_wconf 92' lang='lat' dir='ltr'><strong>doc·</strong></span> 
     </span>
     <span class='ocr_line' id='line_1_6' title="bbox 303 1240 1406 1324; baseline -0.004 -16"><span class='ocrx_word' id='word_1_38' title='bbox 303 1253 363 1310; x_wconf 82' lang='lat' dir='ltr'><strong>tae.</strong></span> <span class='ocrx_word' id='word_1_39' title='bbox 406 1242 554 1324; x_wconf 82' lang='lat' dir='ltr'><strong>Quodsi</strong></span> <span class='ocrx_word' id='word_1_40' title='bbox 577 1240 761 1320; x_wconf 79' lang='lat' dir='ltr'><strong>statuimus,</strong></span> <span class='ocrx_word' id='word_1_41' title='bbox 792 1263 858 1304; x_wconf 92' lang='lat' dir='ltr'><strong>non</strong></span> <span class='ocrx_word' id='word_1_42' title='bbox 882 1249 931 1306; x_wconf 85' lang='lat' dir='ltr'><strong>est</strong></span> <span class='ocrx_word' id='word_1_43' title='bbox 951 1262 1103 1322; x_wconf 87' lang='lat' dir='ltr'><strong>necesse,</strong></span> <span class='ocrx_word' id='word_1_44' title='bbox 1125 1250 1161 1305; x_wconf 91' lang='lat' dir='ltr'><strong>ut</strong></span> <span class='ocrx_word' id='word_1_45' title='bbox 1188 1263 1259 1305; x_wconf 89' lang='lat' dir='ltr'><strong>cum</strong></span> <span class='ocrx_word' id='word_1_46' title='bbox 1283 1240 1406 1306; x_wconf 87' lang='lat' dir='ltr'><strong>Rankio</strong></span> 
     </span>
     <span class='ocr_line' id='line_1_7' title="bbox 302 1346 1406 1436; baseline -0.005 -18"><span class='ocrx_word' id='word_1_47' title='bbox 302 1351 391 1418; x_wconf 92' lang='lat' dir='ltr'><strong>illius</strong></span> <span class='ocrx_word' id='word_1_48' title='bbox 414 1352 490 1433; x_wconf 73' lang='grc' dir='ltr'><strong>περὶ</strong></span> <span class='ocrx_word' id='word_1_49' title='bbox 509 1350 681 1434; x_wconf 69' lang='grc' dir='ltr'><strong>κωμῳδίας</strong></span> <span class='ocrx_word' id='word_1_50' title='bbox 703 1349 866 1436; x_wconf 89' lang='lat' dir='ltr'><strong>scriptoris</strong></span> <span class='ocrx_word' id='word_1_51' title='bbox 888 1348 1054 1415; x_wconf 89' lang='lat' dir='ltr'><strong>auctoritas</strong></span> <span class='ocrx_word' id='word_1_52' title='bbox 1076 1349 1295 1435; x_wconf 86' lang='lat' dir='ltr'><strong>impugnetur.</strong></span> <span class='ocrx_word' id='word_1_53' title='bbox 1336 1346 1406 1416; x_wconf 87' lang='lat' dir='ltr'><strong>Sed</strong></span> 
     </span>
     <span class='ocr_line' id='line_1_8' title="bbox 301 1455 1406 1546; baseline -0.005 -20"><span class='ocrx_word' id='word_1_54' title='bbox 301 1461 376 1541; x_wconf 88' lang='lat' dir='ltr'><strong>hoc,</strong></span> <span class='ocrx_word' id='word_1_55' title='bbox 412 1483 505 1545; x_wconf 89' lang='lat' dir='ltr'><strong>quam</strong></span> <span class='ocrx_word' id='word_1_56' title='bbox 541 1481 606 1544; x_wconf 88' lang='lat' dir='ltr'><strong>ego</strong></span> <span class='ocrx_word' id='word_1_57' title='bbox 645 1457 818 1546; x_wconf 85' lang='lat' dir='ltr'><strong>proposui,</strong></span> <span class='ocrx_word' id='word_1_58' title='bbox 849 1458 989 1540; x_wconf 84' lang='lat' dir='ltr'><strong>ratione,</strong></span> <span class='ocrx_word' id='word_1_59' title='bbox 1026 1480 1136 1524; x_wconf 89' lang='lat' dir='ltr'><strong>eorum</strong></span> <span class='ocrx_word' id='word_1_60' title='bbox 1172 1479 1256 1543; x_wconf 75' lang='lat' dir='ltr'><strong>qnae</strong></span> <span class='ocrx_word' id='word_1_61' title='bbox 1293 1455 1406 1522; x_wconf 88' lang='lat' dir='ltr'><strong>tradita</strong></span> 
     </span>
     <span class='ocr_line' id='line_1_9' title="bbox 302 1564 1404 1653; baseline -0.005 -20"><span class='ocrx_word' id='word_1_62' title='bbox 302 1570 435 1634; x_wconf 90' lang='lat' dir='ltr'><strong>suntin</strong></span> <span class='ocrx_word' id='word_1_63' title='bbox 464 1567 600 1652; x_wconf 79' lang='lat' dir='ltr'><strong>antiquis</strong></span> <span class='ocrx_word' id='word_1_64' title='bbox 631 1567 772 1633; x_wconf 83' lang='lat' dir='ltr'><strong>lontibus</strong></span> <span class='ocrx_word' id='word_1_65' title='bbox 799 1575 924 1631; x_wconf 85' lang='lat' dir='ltr'><strong>servata</strong></span> <span class='ocrx_word' id='word_1_66' title='bbox 952 1566 1017 1631; x_wconf 92' lang='lat' dir='ltr'><strong>fide</strong></span> <span class='ocrx_word' id='word_1_67' title='bbox 1046 1567 1238 1653; x_wconf 85' lang='lat' dir='ltr'><strong>supplentur</strong></span> <span class='ocrx_word' id='word_1_68' title='bbox 1260 1565 1310 1630; x_wconf 85' lang='lat' dir='ltr'><strong>via</strong></span> <span class='ocrx_word' id='word_1_69' title='bbox 1334 1564 1404 1630; x_wconf 89' lang='lat' dir='ltr'><strong>veri</strong></span> 
     </span>
     <span class='ocr_line' id='line_1_10' title="bbox 301 1673 1403 1763; baseline -0.005 -19"><span class='ocrx_word' id='word_1_70' title='bbox 301 1677 376 1744; x_wconf 86' lang='lat' dir='ltr'><strong>satis</strong></span> <span class='ocrx_word' id='word_1_71' title='bbox 408 1677 515 1744; x_wconf 74' lang='lat' dir='ltr'><strong>similt</strong></span> <span class='ocrx_word' id='word_1_72' title='bbox 544 1698 626 1762; x_wconf 90' lang='lat' dir='ltr'><strong>quae</strong></span> <span class='ocrx_word' id='word_1_73' title='bbox 651 1686 832 1763; x_wconf 81' lang='lat' dir='ltr'><strong>temporum</strong></span> <span class='ocrx_word' id='word_1_74' title='bbox 867 1675 982 1740; x_wconf 88' lang='lat' dir='ltr'><strong>iniuria</strong></span> <span class='ocrx_word' id='word_1_75' title='bbox 1013 1695 1056 1739; x_wconf 83' lang='lat' dir='ltr'><strong>ex</strong></span> <span class='ocrx_word' id='word_1_76' title='bbox 1089 1673 1403 1740; x_wconf 85' lang='lat' dir='ltr'><strong>eis-interciderunt</strong></span> 
     </span>
     <span class='ocr_line' id='line_1_11' title="bbox 301 1783 1405 1872; baseline -0.003 -21"><span class='ocrx_word' id='word_1_77' title='bbox 301 1787 493 1872; x_wconf 83' lang='lat' dir='ltr'><strong>Quanquam</strong></span> <span class='ocrx_word' id='word_1_78' title='bbox 527 1786 561 1849; x_wconf 93' lang='lat' dir='ltr'><strong>in</strong></span> <span class='ocrx_word' id='word_1_79' title='bbox 594 1795 681 1850; x_wconf 86' lang='lat' dir='ltr'><strong>tanta</strong></span> <span class='ocrx_word' id='word_1_80' title='bbox 714 1783 970 1850; x_wconf 88' lang='lat' dir='ltr'><strong>testimoniorum</strong></span> <span class='ocrx_word' id='word_1_81' title='bbox 1006 1783 1163 1872; x_wconf 84' lang='lat' dir='ltr'><strong>paucitate</strong></span> <span class='ocrx_word' id='word_1_82' title='bbox 1180 1829 1183 1836; x_wconf 34' lang='grc' dir='ltr'><strong><em>ι</em></strong></span> <span class='ocrx_word' id='word_1_83' title='bbox 1199 1805 1264 1848; x_wconf 90' lang='lat' dir='ltr'><strong>non</strong></span> <span class='ocrx_word' id='word_1_84' title='bbox 1300 1791 1405 1869; x_wconf 89' lang='lat' dir='ltr'><strong>potest</strong></span> 
     </span>
     <span class='ocr_line' id='line_1_12' title="bbox 300 1889 1404 1980; baseline -0.005 -18"><span class='ocrx_word' id='word_1_85' title='bbox 300 1894 453 1962; x_wconf 86' lang='lat' dir='ltr'><strong>diudicari</strong></span> <span class='ocrx_word' id='word_1_86' title='bbox 489 1915 598 1980; x_wconf 85' lang='lat' dir='ltr'><strong>neque</strong></span> <span class='ocrx_word' id='word_1_87' title='bbox 626 1903 733 1958; x_wconf 79' lang='lat' dir='ltr'><strong>utrum</strong></span> <span class='ocrx_word' id='word_1_88' title='bbox 764 1916 828 1957; x_wconf 88' lang='lat' dir='ltr'><strong>una</strong></span> <span class='ocrx_word' id='word_1_89' title='bbox 855 1914 896 1958; x_wconf 89' lang='lat' dir='ltr'><strong>an</strong></span> <span class='ocrx_word' id='word_1_90' title='bbox 930 1894 1042 1980; x_wconf 89' lang='lat' dir='ltr'><strong>plures</strong></span> <span class='ocrx_word' id='word_1_91' title='bbox 1073 1901 1204 1978; x_wconf 88' lang='lat' dir='ltr'><strong>praeter</strong></span> <span class='ocrx_word' id='word_1_92' title='bbox 1227 1889 1404 1978; x_wconf 85' lang='lat' dir='ltr'><strong>Epulones,</strong></span> 
     </span>
     <span class='ocr_line' id='line_1_13' title="bbox 299 1998 1405 2089; baseline -0.004 -21"><span class='ocrx_word' id='word_1_93' title='bbox 299 2002 514 2088; x_wconf 88' lang='lat' dir='ltr'><strong>Babylonios,</strong></span> <span class='ocrx_word' id='word_1_94' title='bbox 548 2002 776 2066; x_wconf 87' lang='lat' dir='ltr'><strong>Acharnenses</strong></span> <span class='ocrx_word' id='word_1_95' title='bbox 808 2001 989 2089; x_wconf 88' lang='lat' dir='ltr'><strong>prodierint</strong></span> <span class='ocrx_word' id='word_1_96' title='bbox 1019 2023 1142 2086; x_wconf 90' lang='lat' dir='ltr'><strong>neque,</strong></span> <span class='ocrx_word' id='word_1_97' title='bbox 1179 2023 1242 2085; x_wconf 90' lang='lat' dir='ltr'><strong>quc</strong></span> <span class='ocrx_word' id='word_1_98' title='bbox 1275 1998 1405 2066; x_wconf 90' lang='lat' dir='ltr'><strong>nomine</strong></span> 
     </span>
     <span class='ocr_line' id='line_1_14' title="bbox 299 2109 1404 2196; baseline -0.002 -20"><span class='ocrx_word' id='word_1_99' title='bbox 299 2120 534 2196; x_wconf 76' lang='lat' dir='ltr'><strong>argumentose</strong></span> <span class='ocrx_word' id='word_1_100' title='bbox 554 2111 681 2174; x_wconf 87' lang='lat' dir='ltr'><strong>fabulae</strong></span> <span class='ocrx_word' id='word_1_101' title='bbox 702 2111 830 2176; x_wconf 82' lang='lat' dir='ltr'><strong>fuerint.</strong></span> <span class='ocrx_word' id='word_1_102' title='bbox 867 2109 967 2178; x_wconf 83' lang='lat' dir='ltr'><strong>Cuius</strong></span> <span class='ocrx_word' id='word_1_103' title='bbox 986 2110 1034 2176; x_wconf 90' lang='lat' dir='ltr'><strong>rei</strong></span> <span class='ocrx_word' id='word_1_104' title='bbox 1047 2133 1153 2177; x_wconf 88' lang='lat' dir='ltr'><strong>ansam</strong></span> <span class='ocrx_word' id='word_1_105' title='bbox 1167 2111 1301 2176; x_wconf 89' lang='lat' dir='ltr'><strong>fortasse</strong></span> <span class='ocrx_word' id='word_1_106' title='bbox 1312 2131 1404 2196; x_wconf 89' lang='lat' dir='ltr'><strong>prae·</strong></span> 
     </span>
     <span class='ocr_line' id='line_1_15' title="bbox 299 2217 1404 2302; baseline -0.005 -15"><span class='ocrx_word' id='word_1_107' title='bbox 299 2223 355 2287; x_wconf 92' lang='lat' dir='ltr'><strong>het</strong></span> <span class='ocrx_word' id='word_1_108' title='bbox 374 2219 631 2285; x_wconf 85' lang='lat' dir='ltr'><strong>Acharnensium</strong></span> <span class='ocrx_word' id='word_1_109' title='bbox 655 2243 770 2286; x_wconf 88' lang='lat' dir='ltr'><strong>versus</strong></span> <span class='ocrx_word' id='word_1_110' title='bbox 792 2221 855 2285; x_wconf 76' lang='lat'><strong>642</strong></span> <span class='ocrx_word' id='word_1_111' title='bbox 876 2220 948 2302; x_wconf 80' lang='lat' dir='ltr'><strong>,acl</strong></span> <span class='ocrx_word' id='word_1_112' title='bbox 969 2217 1040 2292; x_wconf 69' lang='lat' dir='ltr'><strong>roris</strong></span> <span class='ocrx_word' id='word_1_113' title='bbox 1063 2217 1182 2300; x_wconf 71' lang='grc' dir='ltr'><em>δήμους</em></span> <span class='ocrx_word' id='word_1_114' title='bbox 1203 2219 1237 2282; x_wconf 77' lang='grc' dir='ltr'><strong>ἓν</strong></span> <span class='ocrx_word' id='word_1_115' title='bbox 1257 2223 1327 2292; x_wconf 78' lang='grc' dir='ltr'><strong><em>ταῖς</em></strong></span> <span class='ocrx_word' id='word_1_116' title='bbox 1350 2218 1404 2282; x_wconf 80' lang='grc' dir='ltr'><strong>πό-</strong></span> 
     </span>
     <span class='ocr_line' id='line_1_16' title="bbox 299 2324 1404 2412; baseline 0.002 -23"><span class='ocrx_word' id='word_1_117' title='bbox 299 2333 386 2392; x_wconf 76' lang='grc' dir='ltr'><strong><em>λεσιν</em></strong></span> <span class='ocrx_word' id='word_1_118' title='bbox 407 2327 523 2406; x_wconf 70' lang='grc' dir='ltr'><strong>δείξας,</strong></span> <span class='ocrx_word' id='word_1_119' title='bbox 543 2324 590 2400; x_wconf 75' lang='lat' dir='ltr'><strong>nic</strong></span> <span class='ocrx_word' id='word_1_120' title='bbox 613 2330 914 2412; x_wconf 72' lang='lat' dir='ltr'><strong>dqpouparoivros.“</strong></span> <span class='ocrx_word' id='word_1_121' title='bbox 958 2328 1063 2410; x_wconf 81' lang='lat' dir='ltr'><strong>Quem</strong></span> <span class='ocrx_word' id='word_1_122' title='bbox 1086 2327 1127 2391; x_wconf 83' lang='lat' dir='ltr'><strong>ad</strong></span> <span class='ocrx_word' id='word_1_123' title='bbox 1148 2327 1254 2406; x_wconf 90' lang='lat' dir='ltr'><strong>talem,</strong></span> <span class='ocrx_word' id='word_1_124' title='bbox 1276 2326 1318 2391; x_wconf 88' lang='lat' dir='ltr'><strong>de</strong></span> <span class='ocrx_word' id='word_1_125' title='bbox 1341 2348 1404 2412; x_wconf 88' lang='lat' dir='ltr'><strong>qua</strong></span> 
     </span>
     <span class='ocr_line' id='line_1_17' title="bbox 297 2435 1404 2524; baseline -0.004 -22"><span class='ocrx_word' id='word_1_126' title='bbox 297 2459 386 2503; x_wconf 89' lang='lat' dir='ltr'><strong>nunc</strong></span> <span class='ocrx_word' id='word_1_127' title='bbox 410 2436 555 2522; x_wconf 82' lang='lat' dir='ltr'><strong>agimus,</strong></span> <span class='ocrx_word' id='word_1_128' title='bbox 587 2437 728 2502; x_wconf 85' lang='lat' dir='ltr'><strong>fabulam</strong></span> <span class='ocrx_word' id='word_1_129' title='bbox 755 2445 901 2524; x_wconf 87' lang='lat' dir='ltr'><strong>spectare</strong></span> <span class='ocrx_word' id='word_1_130' title='bbox 933 2437 994 2502; x_wconf 86' lang='lat' dir='ltr'><strong>erit</strong></span> <span class='ocrx_word' id='word_1_131' title='bbox 1016 2438 1152 2502; x_wconf 75' lang='lat' dir='ltr'><strong>fumasse</strong></span> <span class='ocrx_word' id='word_1_132' title='bbox 1175 2436 1227 2521; x_wconf 91' lang='lat' dir='ltr'><strong>qui</strong></span> <span class='ocrx_word' id='word_1_133' title='bbox 1259 2435 1404 2502; x_wconf 83' lang='lat' dir='ltr'><strong>coniciet.</strong></span> 
     </span>
     <span class='ocr_line' id='line_1_18' title="bbox 298 2543 1404 2632; baseline 0 -23"><span class='ocrx_word' id='word_1_134' title='bbox 298 2543 380 2610; x_wconf 89' lang='lat' dir='ltr'><strong>Nam</strong></span> <span class='ocrx_word' id='word_1_135' title='bbox 411 2544 476 2610; x_wconf 89' lang='lat' dir='ltr'><strong>illis</strong></span> <span class='ocrx_word' id='word_1_136' title='bbox 505 2566 588 2630; x_wconf 87' lang='lat' dir='ltr'><strong>quae</strong></span> <span class='ocrx_word' id='word_1_137' title='bbox 616 2545 809 2611; x_wconf 88' lang='lat' dir='ltr'><strong>antecedunt</strong></span> <span class='ocrx_word' id='word_1_138' title='bbox 836 2545 1011 2632; x_wconf 76' lang='lat'>(634-35)</span> <span class='ocrx_word' id='word_1_139' title='bbox 1046 2555 1133 2610; x_wconf 90' lang='lat' dir='ltr'><strong>certo</strong></span> <span class='ocrx_word' id='word_1_140' title='bbox 1156 2553 1278 2632; x_wconf 86' lang='lat' dir='ltr'><strong>constat</strong></span> <span class='ocrx_word' id='word_1_141' title='bbox 1298 2543 1404 2628; x_wconf 83' lang='lat' dir='ltr'><strong>Baby-</strong></span> 
     </span>
     <span class='ocr_line' id='line_1_19' title="bbox 297 2652 1401 2742; baseline 0.002 -24"><span class='ocrx_word' id='word_1_142' title='bbox 297 2652 402 2722; x_wconf 88' lang='lat' dir='ltr'><strong>lonios</strong></span> <span class='ocrx_word' id='word_1_143' title='bbox 426 2653 602 2739; x_wconf 88' lang='lat' dir='ltr'><strong>significari</strong></span> <span class='ocrx_word' id='word_1_144' title='bbox 621 2655 801 2740; x_wconf 80' lang='lat' dir='ltr'><strong>(Bergkius</strong></span> <span class='ocrx_word' id='word_1_145' title='bbox 821 2678 854 2742; x_wconf 93' lang='lat' dir='ltr'><strong>p.</strong></span> <span class='ocrx_word' id='word_1_146' title='bbox 873 2655 957 2735; x_wconf 87' lang='grc'><strong>966).</strong></span> <span class='ocrx_word' id='word_1_147' title='bbox 997 2653 1123 2734; x_wconf 81' lang='lat' dir='ltr'><strong>Quibus</strong></span> <span class='ocrx_word' id='word_1_148' title='bbox 1146 2663 1219 2740; x_wconf 89' lang='lat' dir='ltr'><strong>post</strong></span> <span class='ocrx_word' id='word_1_149' title='bbox 1244 2652 1401 2740; x_wconf 90' lang='lat' dir='ltr'><strong>copiosio-</strong></span> 
     </span>
     <span class='ocr_line' id='line_1_20' title="bbox 296 2762 1420 2852; baseline 0 -24"><span class='ocrx_word' id='word_1_150' title='bbox 296 2785 368 2829; x_wconf 86' lang='lat' dir='ltr'><strong>rem</strong></span> <span class='ocrx_word' id='word_1_151' title='bbox 390 2762 638 2832; x_wconf 84' lang='lat' dir='ltr'><strong>Atheniensium</strong></span> <span class='ocrx_word' id='word_1_152' title='bbox 666 2765 811 2829; x_wconf 80' lang='lat' dir='ltr'><strong>vanitatis</strong></span> <span class='ocrx_word' id='word_1_153' title='bbox 841 2764 1090 2852; x_wconf 74' lang='lat' dir='ltr'><strong>descriptionem</strong></span> <span class='ocrx_word' id='word_1_154' title='bbox 1123 2763 1310 2851; x_wconf 70' lang='lat' dir='ltr'><strong>(eet-41)</strong></span> <span class='ocrx_word' id='word_1_155' title='bbox 1333 2773 1420 2848; x_wconf 70' lang='lat' dir='ltr'><strong>tan-¹</strong></span> 
     </span>
     <span class='ocr_line' id='line_1_21' title="bbox 296 2870 1397 2956; baseline -0.005 -18"><span class='ocrx_word' id='word_1_156' title='bbox 296 2894 392 2956; x_wconf 89' lang='lat' dir='ltr'><strong>quam</strong></span> <span class='ocrx_word' id='word_1_157' title='bbox 423 2895 508 2936; x_wconf 85' lang='lat' dir='ltr'><strong>nora</strong></span> <span class='ocrx_word' id='word_1_158' title='bbox 535 2894 589 2937; x_wconf 89' lang='lat' dir='ltr'><strong>res</strong></span> <span class='ocrx_word' id='word_1_159' title='bbox 624 2872 752 2938; x_wconf 84' lang='lat' dir='ltr'><strong>additur</strong></span> <span class='ocrx_word' id='word_1_160' title='bbox 781 2873 863 2938; x_wconf 89' lang='lat' dir='ltr'><strong>illud</strong></span> <span class='ocrx_word' id='word_1_161' title='bbox 898 2874 978 2954; x_wconf 81' lang='lat' dir='ltr'><strong>,soi</strong></span> <span class='ocrx_word' id='word_1_162' title='bbox 1003 2870 1075 2945; x_wconf 77' lang='grc' dir='ltr'><strong><em>τοὺς</em></strong></span> <span class='ocrx_word' id='word_1_163' title='bbox 1108 2871 1228 2955; x_wconf 71' lang='grc' dir='ltr'><strong><em>δήμους</em></strong></span> <span class='ocrx_word' id='word_1_164' title='bbox 1265 2873 1300 2936; x_wconf 77' lang='grc' dir='ltr'><strong>ἐν</strong></span> <span class='ocrx_word' id='word_1_165' title='bbox 1331 2875 1397 2944; x_wconf 78' lang='grc' dir='ltr'><strong>ταῖς</strong></span> 
     </span>
     <span class='ocr_line' id='line_1_22' title="bbox 297 2978 1401 3068; baseline -0.001 -25"><span class='ocrx_word' id='word_1_166' title='bbox 297 2981 424 3044; x_wconf 74' lang='grc' dir='ltr'><strong><em>πόλεσιν</em></strong></span> <span class='ocrx_word' id='word_1_167' title='bbox 453 2980 574 3056; x_wconf 73' lang='grc' dir='ltr'><strong>δείξας,</strong></span> <span class='ocrx_word' id='word_1_168' title='bbox 605 2979 650 3055; x_wconf 73' lang='lat' dir='ltr'><strong>m‘c</strong></span> <span class='ocrx_word' id='word_1_169' title='bbox 673 2983 973 3064; x_wconf 56' lang='lat' dir='ltr'><strong>tessaracosten«</strong></span> <span class='ocrx_word' id='word_1_170' title='bbox 1018 2981 1117 3062; x_wconf 76' lang='lat' dir='ltr'><strong>Quod</strong></span> <span class='ocrx_word' id='word_1_171' title='bbox 1149 2982 1293 3068; x_wconf 84' lang='lat' dir='ltr'><strong>prolecto</strong></span> <span class='ocrx_word' id='word_1_172' title='bbox 1325 2978 1401 3044; x_wconf 89' lang='lat' dir='ltr'><strong>satis</strong></span> 
     </span>
     <span class='ocr_line' id='line_1_23' title="bbox 295 3088 1395 3177; baseline -0.002 -23"><span class='ocrx_word' id='word_1_173' title='bbox 295 3090 357 3154; x_wconf 89' lang='lat' dir='ltr'><strong>late</strong></span> <span class='ocrx_word' id='word_1_174' title='bbox 377 3101 491 3177; x_wconf 87' lang='lat' dir='ltr'><strong>pateus</strong></span> <span class='ocrx_word' id='word_1_175' title='bbox 516 3101 743 3176; x_wconf 82' lang='lat' dir='ltr'><strong>argumentum</strong></span> <span class='ocrx_word' id='word_1_176' title='bbox 764 3113 830 3155; x_wconf 87' lang='lat' dir='ltr'><strong>non</strong></span> <span class='ocrx_word' id='word_1_177' title='bbox 853 3090 981 3155; x_wconf 86' lang='lat' dir='ltr'><strong>ridetur</strong></span> <span class='ocrx_word' id='word_1_178' title='bbox 1003 3090 1091 3176; x_wconf 90' lang='lat' dir='ltr'><strong>qnasi</strong></span> <span class='ocrx_word' id='word_1_179' title='bbox 1111 3093 1146 3154; x_wconf 78' lang='lat' dir='ltr'><strong>aiv</strong></span> <span class='ocrx_word' id='word_1_180' title='bbox 1167 3088 1315 3172; x_wconf 70' lang='grc' dir='ltr'><em>παρέργῳ</em></span> <span class='ocrx_word' id='word_1_181' title='bbox 1338 3109 1395 3174; x_wconf 94' lang='lat' dir='ltr'><strong>po·</strong></span> 
     </span>
     <span class='ocr_line' id='line_1_24' title="bbox 294 3195 1400 3285; baseline -0.005 -22"><span class='ocrx_word' id='word_1_182' title='bbox 294 3198 395 3263; x_wconf 92' lang='lat' dir='ltr'><strong>tuisse</strong></span> <span class='ocrx_word' id='word_1_183' title='bbox 415 3198 550 3280; x_wconf 87' lang='lat' dir='ltr'><strong>tractari,</strong></span> <span class='ocrx_word' id='word_1_184' title='bbox 573 3199 631 3263; x_wconf 91' lang='lat' dir='ltr'><strong>sed</strong></span> <span class='ocrx_word' id='word_1_185' title='bbox 653 3198 850 3285; x_wconf 89' lang='lat' dir='ltr'><strong>aptissimum</strong></span> <span class='ocrx_word' id='word_1_186' title='bbox 873 3199 947 3279; x_wconf 84' lang='lat' dir='ltr'><strong>tuit,</strong></span> <span class='ocrx_word' id='word_1_187' title='bbox 983 3199 1070 3284; x_wconf 92' lang='lat' dir='ltr'><strong>quod</strong></span> <span class='ocrx_word' id='word_1_188' title='bbox 1096 3198 1127 3261; x_wconf 90' lang='lat' dir='ltr'><strong>in</strong></span> <span class='ocrx_word' id='word_1_189' title='bbox 1149 3219 1212 3261; x_wconf 89' lang='lat' dir='ltr'><strong>una</strong></span> <span class='ocrx_word' id='word_1_190' title='bbox 1233 3195 1400 3262; x_wconf 86' lang='lat' dir='ltr'><strong>comoedia</strong></span> 
     </span>
     <span class='ocr_line' id='line_1_25' title="bbox 296 3305 1397 3392; baseline -0.002 -22"><span class='ocrx_word' id='word_1_191' title='bbox 296 3305 399 3370; x_wconf 90' lang='lat' dir='ltr'><strong>solum</strong></span> <span class='ocrx_word' id='word_1_192' title='bbox 421 3315 643 3392; x_wconf 83' lang='lat' dir='ltr'><strong>perageretur.</strong></span> <span class='ocrx_word' id='word_1_193' title='bbox 686 3307 748 3385; x_wconf 92' lang='lat' dir='ltr'><strong>At,</strong></span> <span class='ocrx_word' id='word_1_194' title='bbox 770 3328 844 3370; x_wconf 91' lang='lat' dir='ltr'><strong>cum</strong></span> <span class='ocrx_word' id='word_1_195' title='bbox 864 3305 915 3370; x_wconf 90' lang='lat' dir='ltr'><strong>hic</strong></span> <span class='ocrx_word' id='word_1_196' title='bbox 934 3324 1091 3391; x_wconf 88' lang='lat' dir='ltr'><strong>quaerere</strong></span> <span class='ocrx_word' id='word_1_197' title='bbox 1115 3305 1231 3387; x_wconf 78' lang='lat' dir='ltr'><strong>velim,</strong></span> <span class='ocrx_word' id='word_1_198' title='bbox 1256 3328 1319 3370; x_wconf 90' lang='lat' dir='ltr'><strong>non</strong></span> <span class='ocrx_word' id='word_1_199' title='bbox 1342 3307 1397 3369; x_wconf 85' lang='lat' dir='ltr'><strong>hc·</strong></span> 
     </span>
     <span class='ocr_line' id='line_1_26' title="bbox 293 3413 1140 3494; baseline -0.001 -16"><span class='ocrx_word' id='word_1_200' title='bbox 293 3413 420 3494; x_wconf 87' lang='lat' dir='ltr'><strong>riolari,</strong></span> <span class='ocrx_word' id='word_1_201' title='bbox 444 3414 506 3478; x_wconf 92' lang='lat' dir='ltr'><strong>iam</strong></span> <span class='ocrx_word' id='word_1_202' title='bbox 527 3413 622 3478; x_wconf 85' lang='lat' dir='ltr'><strong>rideo</strong></span> <span class='ocrx_word' id='word_1_203' title='bbox 646 3414 723 3478; x_wconf 89' lang='lat' dir='ltr'><strong>mihi</strong></span> <span class='ocrx_word' id='word_1_204' title='bbox 745 3414 1031 3479; x_wconf 84' lang='lat' dir='ltr'><strong>obmutescendum</strong></span> <span class='ocrx_word' id='word_1_205' title='bbox 1058 3437 1140 3480; x_wconf 89' lang='lat' dir='ltr'><strong>esse.</strong></span> 
     </span>
    </p>

    <p class='ocr_par' dir='ltr' id='par_1_3' title="bbox 291 3522 1402 4262">
     <span class='ocr_line' id='line_1_27' title="bbox 378 3522 1398 3610; baseline -0.002 -23"><span class='ocrx_word' id='word_1_206' title='bbox 378 3522 453 3609; x_wconf 90' lang='lat' dir='ltr'><strong>Ipsa</strong></span> <span class='ocrx_word' id='word_1_207' title='bbox 474 3523 573 3609; x_wconf 92' lang='lat' dir='ltr'><strong>igitur</strong></span> <span class='ocrx_word' id='word_1_208' title='bbox 594 3522 743 3587; x_wconf 89' lang='lat' dir='ltr'><strong>adcurate</strong></span> <span class='ocrx_word' id='word_1_209' title='bbox 768 3523 1007 3610; x_wconf 86' lang='lat' dir='ltr'><strong>perpendamus</strong></span> <span class='ocrx_word' id='word_1_210' title='bbox 1038 3523 1262 3610; x_wconf 85' lang='lat' dir='ltr'><strong>Aristophanis</strong></span> <span class='ocrx_word' id='word_1_211' title='bbox 1289 3524 1398 3603; x_wconf 89' lang='lat' dir='ltr'><strong>verba,</strong></span> 
     </span>
     <span class='ocr_line' id='line_1_28' title="bbox 294 3630 1402 3717; baseline 0.001 -23"><span class='ocrx_word' id='word_1_212' title='bbox 294 3651 377 3716; x_wconf 83' lang='lat' dir='ltr'><strong>quae</strong></span> <span class='ocrx_word' id='word_1_213' title='bbox 399 3630 441 3697; x_wconf 84' lang='lat' dir='ltr'><strong>ad</strong></span> <span class='ocrx_word' id='word_1_214' title='bbox 460 3632 540 3695; x_wconf 88' lang='lat' dir='ltr'><strong>hanc</strong></span> <span class='ocrx_word' id='word_1_215' title='bbox 565 3632 785 3716; x_wconf 84' lang='lat' dir='ltr'><strong>quaestionem</strong></span> <span class='ocrx_word' id='word_1_216' title='bbox 799 3633 971 3717; x_wconf 85' lang='lat' dir='ltr'><strong>pertinent,</strong></span> <span class='ocrx_word' id='word_1_217' title='bbox 988 3655 1063 3697; x_wconf 89' lang='lat' dir='ltr'><strong>num</strong></span> <span class='ocrx_word' id='word_1_218' title='bbox 1078 3631 1303 3697; x_wconf 87' lang='lat' dir='ltr'><strong>commendent</strong></span> <span class='ocrx_word' id='word_1_219' title='bbox 1325 3651 1402 3695; x_wconf 90' lang='lat' dir='ltr'><strong>nos-</strong></span> 
     </span>
     <span class='ocr_line' id='line_1_29' title="bbox 293 3739 1397 3824; baseline -0.001 -21"><span class='ocrx_word' id='word_1_220' title='bbox 293 3750 371 3805; x_wconf 88' lang='lat' dir='ltr'><strong>tram</strong></span> <span class='ocrx_word' id='word_1_221' title='bbox 407 3739 601 3824; x_wconf 86' lang='lat' dir='ltr'><strong>opinioncm.</strong></span> <span class='ocrx_word' id='word_1_222' title='bbox 661 3739 724 3806; x_wconf 85' lang='lat' dir='ltr'><strong>Vbi</strong></span> <span class='ocrx_word' id='word_1_223' title='bbox 754 3739 834 3804; x_wconf 93' lang='lat' dir='ltr'><strong>illud</strong></span> <span class='ocrx_word' id='word_1_224' title='bbox 865 3749 913 3805; x_wconf 87' lang='lat' dir='ltr'><strong>est</strong></span> <span class='ocrx_word' id='word_1_225' title='bbox 943 3740 1179 3806; x_wconf 88' lang='lat' dir='ltr'><strong>recordandum</strong></span> <span class='ocrx_word' id='word_1_226' title='bbox 1210 3740 1298 3806; x_wconf 88' lang='lat' dir='ltr'><strong>chori</strong></span> <span class='ocrx_word' id='word_1_227' title='bbox 1331 3762 1397 3803; x_wconf 89' lang='lat' dir='ltr'><strong>ma·</strong></span> 
     </span>
     <span class='ocr_line' id='line_1_30' title="bbox 292 3847 1396 3934; baseline 0.002 -22"><span class='ocrx_word' id='word_1_228' title='bbox 292 3848 429 3934; x_wconf 83' lang='lat' dir='ltr'><strong>gistrum</strong></span> <span class='ocrx_word' id='word_1_229' title='bbox 453 3869 519 3914; x_wconf 90' lang='lat' dir='ltr'><strong>non</strong></span> <span class='ocrx_word' id='word_1_230' title='bbox 549 3847 653 3913; x_wconf 89' lang='lat' dir='ltr'><strong>solum</strong></span> <span class='ocrx_word' id='word_1_231' title='bbox 681 3848 819 3913; x_wconf 88' lang='lat' dir='ltr'><strong>docendi</strong></span> <span class='ocrx_word' id='word_1_232' title='bbox 853 3850 940 3915; x_wconf 92' lang='lat' dir='ltr'><strong>chori</strong></span> <span class='ocrx_word' id='word_1_233' title='bbox 971 3849 1106 3923; x_wconf 33' lang='lat' dir='ltr'><strong>linibus,</strong></span> <span class='ocrx_word' id='word_1_234' title='bbox 1123 3871 1160 3914; x_wconf 87' lang='lat' dir='ltr'><strong>se</strong></span> <span class='ocrx_word' id='word_1_235' title='bbox 1192 3849 1396 3930; x_wconf 86' lang='lat' dir='ltr'><strong>continuisse,</strong></span> 
     </span>
     <span class='ocr_line' id='line_1_31' title="bbox 292 3955 1396 4044; baseline 0.001 -24"><span class='ocrx_word' id='word_1_236' title='bbox 292 3955 352 4020; x_wconf 88' lang='lat' dir='ltr'><strong>sed</strong></span> <span class='ocrx_word' id='word_1_237' title='bbox 375 3955 467 4020; x_wconf 89' lang='lat' dir='ltr'><strong>etiam</strong></span> <span class='ocrx_word' id='word_1_238' title='bbox 490 3978 607 4020; x_wconf 91' lang='lat' dir='ltr'><strong>nomen</strong></span> <span class='ocrx_word' id='word_1_239' title='bbox 628 3958 810 4043; x_wconf 84' lang='lat' dir='ltr'><strong>professum</strong></span> <span class='ocrx_word' id='word_1_240' title='bbox 826 3979 898 4022; x_wconf 86' lang='lat' dir='ltr'><strong>esse</strong></span> <span class='ocrx_word' id='word_1_241' title='bbox 912 3959 996 4044; x_wconf 91' lang='lat' dir='ltr'><strong>apud</strong></span> <span class='ocrx_word' id='word_1_242' title='bbox 1009 3959 1194 4023; x_wconf 86' lang='lat' dir='ltr'><strong>archontum</strong></span> <span class='ocrx_word' id='word_1_243' title='bbox 1218 3968 1248 4022; x_wconf 88' lang='lat' dir='ltr'><strong>et</strong></span> <span class='ocrx_word' id='word_1_244' title='bbox 1268 3979 1396 4022; x_wconf 87' lang='lat' dir='ltr'><strong>curasse</strong></span> 
     </span>
     <span class='ocr_line' id='line_1_32' title="bbox 294 4065 1398 4151; baseline 0.002 -23"><span class='ocrx_word' id='word_1_245' title='bbox 294 4085 505 4150; x_wconf 87' lang='lat' dir='ltr'><strong>quaecunque</strong></span> <span class='ocrx_word' id='word_1_246' title='bbox 526 4075 694 4151; x_wconf 88' lang='lat' dir='ltr'><strong>praeterea</strong></span> <span class='ocrx_word' id='word_1_247' title='bbox 716 4065 793 4131; x_wconf 91' lang='lat' dir='ltr'><strong>dum</strong></span> <span class='ocrx_word' id='word_1_248' title='bbox 816 4067 922 4133; x_wconf 87' lang='lat' dir='ltr'><strong>fabula</strong></span> <span class='ocrx_word' id='word_1_249' title='bbox 952 4066 984 4130; x_wconf 92' lang='lat' dir='ltr'><strong>in</strong></span> <span class='ocrx_word' id='word_1_250' title='bbox 1017 4086 1161 4130; x_wconf 85' lang='lat' dir='ltr'><strong>scaenam</strong></span> <span class='ocrx_word' id='word_1_251' title='bbox 1189 4067 1283 4132; x_wconf 90' lang='lat' dir='ltr'><strong>datur</strong></span> <span class='ocrx_word' id='word_1_252' title='bbox 1307 4077 1398 4130; x_wconf 89' lang='lat' dir='ltr'><strong>erant</strong></span> 
     </span>
     <span class='ocr_line' id='line_1_33' title="bbox 291 4172 1396 4262; baseline 0.001 -25"><span class='ocrx_word' id='word_1_253' title='bbox 291 4172 542 4238; x_wconf 88' lang='lat' dir='ltr'><strong>administranda</strong></span> <span class='ocrx_word' id='word_1_254' title='bbox 552 4176 588 4259; x_wconf 57' lang='grc' dir='ltr'><strong>ἲ),</strong></span> <span class='ocrx_word' id='word_1_255' title='bbox 615 4183 647 4238; x_wconf 90' lang='lat' dir='ltr'><strong>et</strong></span> <span class='ocrx_word' id='word_1_256' title='bbox 664 4174 769 4252; x_wconf 89' lang='lat' dir='ltr'><strong>huius,</strong></span> <span class='ocrx_word' id='word_1_257' title='bbox 787 4197 853 4240; x_wconf 94' lang='lat' dir='ltr'><strong>non</strong></span> <span class='ocrx_word' id='word_1_258' title='bbox 876 4174 1101 4262; x_wconf 88' lang='lat' dir='ltr'><strong>Aristophanis</strong></span> <span class='ocrx_word' id='word_1_259' title='bbox 1123 4197 1241 4240; x_wconf 86' lang='lat' dir='ltr'><strong>nomen</strong></span> <span class='ocrx_word' id='word_1_260' title='bbox 1264 4175 1396 4262; x_wconf 86' lang='lat' dir='ltr'><strong>inscrip-</strong></span> 
     </span>
    </p>
   </div>
   <div class='ocr_carea' id='block_1_3' title="bbox 289 4333 1396 4597">
    <p class='ocr_par' dir='ltr' id='par_1_4' title="bbox 289 4333 1396 4597">
     <span class='ocr_line' id='line_1_34' title="bbox 363 4333 1396 4405; baseline 0 -17"><span class='ocrx_word' id='word_1_261' title='bbox 363 4333 391 4402; x_wconf 81' lang='lat'><strong>7)</strong></span> <span class='ocrx_word' id='word_1_262' title='bbox 411 4333 543 4388; x_wconf 85' lang='lat' dir='ltr'><strong>Sciebant</strong></span> <span class='ocrx_word' id='word_1_263' title='bbox 560 4335 632 4389; x_wconf 89' lang='lat' dir='ltr'><strong>enim</strong></span> <span class='ocrx_word' id='word_1_264' title='bbox 651 4338 765 4404; x_wconf 85' lang='lat' dir='ltr'><strong>praesto</strong></span> <span class='ocrx_word' id='word_1_265' title='bbox 785 4351 846 4388; x_wconf 88' lang='lat' dir='ltr'><strong>esse</strong></span> <span class='ocrx_word' id='word_1_266' title='bbox 864 4333 943 4388; x_wconf 89' lang='lat' dir='ltr'><strong>chori</strong></span> <span class='ocrx_word' id='word_1_267' title='bbox 960 4333 1101 4404; x_wconf 88' lang='lat' dir='ltr'><strong>magistri,</strong></span> <span class='ocrx_word' id='word_1_268' title='bbox 1130 4352 1192 4388; x_wconf 89' lang='lat' dir='ltr'><strong>oum</strong></span> <span class='ocrx_word' id='word_1_269' title='bbox 1220 4334 1313 4388; x_wconf 85' lang='lat' dir='ltr'><strong>fabula</strong></span> <span class='ocrx_word' id='word_1_270' title='bbox 1331 4351 1396 4405; x_wconf 85' lang='lat' dir='ltr'><strong>age-</strong></span> 
     </span>
     <span class='ocr_line' id='line_1_35' title="bbox 289 4429 1396 4501; baseline 0.001 -18"><span class='ocrx_word' id='word_1_271' title='bbox 289 4433 383 4497; x_wconf 89' lang='lat' dir='ltr'><strong>retur,</strong></span> <span class='ocrx_word' id='word_1_272' title='bbox 401 4429 619 4500; x_wconf 86' lang='lat' dir='ltr'><strong>histrionesque,</strong></span> <span class='ocrx_word' id='word_1_273' title='bbox 650 4431 699 4485; x_wconf 90' lang='lat' dir='ltr'><strong>nbi</strong></span> <span class='ocrx_word' id='word_1_274' title='bbox 725 4448 793 4501; x_wconf 91' lang='lat' dir='ltr'><strong>opus</strong></span> <span class='ocrx_word' id='word_1_275' title='bbox 818 4436 895 4500; x_wconf 89' lang='lat' dir='ltr'><strong>erat,</strong></span> <span class='ocrx_word' id='word_1_276' title='bbox 922 4431 1060 4485; x_wconf 84' lang='lat' dir='ltr'><strong>adiuvere.</strong></span> <span class='ocrx_word' id='word_1_277' title='bbox 1095 4429 1127 4483; x_wconf 82' lang='lat' dir='ltr'><strong>V.</strong></span> <span class='ocrx_word' id='word_1_278' title='bbox 1147 4429 1291 4484; x_wconf 86' lang='lat' dir='ltr'><strong>Aeschinis</strong></span> <span class='ocrx_word' id='word_1_279' title='bbox 1308 4431 1396 4485; x_wconf 87' lang='lat' dir='ltr'><strong>vitam</strong></span> 
     </span>
     <span class='ocr_line' id='line_1_36' title="bbox 290 4520 810 4597; baseline 0.006 -19"><span class='ocrx_word' id='word_1_280' title='bbox 290 4520 588 4597; x_wconf 87' lang='lat' dir='ltr'><strong>psendcplutarcheam</strong></span> <span class='ocrx_word' id='word_1_281' title='bbox 606 4545 634 4596; x_wconf 90' lang='lat' dir='ltr'><strong>p.</strong></span> <span class='ocrx_word' id='word_1_282' title='bbox 653 4529 706 4583; x_wconf 79' lang='lat'><strong>269</strong></span> <span class='ocrx_word' id='word_1_283' title='bbox 724 4545 750 4582; x_wconf 78' lang='lat' dir='ltr'><strong>v,</strong></span> <span class='ocrx_word' id='word_1_284' title='bbox 768 4529 810 4582; x_wconf 81' lang='lat'><strong>26.</strong></span> 
     </span>
    </p>
   </div>
   <div class='ocr_carea' id='block_1_4' title="bbox 0 0 1664 5484">
    <p class='ocr_par' dir='ltr' id='par_1_5' title="bbox 0 0 1664 5484">
     <span class='ocr_line' id='line_1_37' title="bbox 0 0 1664 5484; baseline 0 7"><span class='ocrx_word' id='word_1_285' title='bbox 0 0 1664 5484; x_wconf 95' lang='lat' dir='ltr'><strong> </strong></span> 
     </span>
    </p>
   </div>
  </div>
 </body>
</html>
