3317 5484
833 589 877 656 80

304 771 420 840 fabalis
441 771 512 839 illis‘
528 773 563 838 in
590 773 727 859 publicis
751 773 951 840 documentis
982 783 1074 840 erunt
1101 774 1263 860 inscripta.
1310 773 1404 854 Quos

305 880 358 945 alii
381 889 526 946 auctores
548 881 729 948 habuerunt
751 883 951 964 fabularum,
974 883 1026 948 alii
1050 903 1106 948 cos
1127 905 1187 970 per
1207 904 1288 967 quos
1312 882 1404 947 Plato

302 989 428 1056 tabulas
449 991 490 1056 ab
513 990 584 1075 ipso
608 993 741 1077 scriptas
766 990 912 1057 dedisset
933 993 968 1055 in
991 1013 1149 1058 scaenam.
1192 990 1248 1060 Sic
1267 994 1403 1072 Sarrum

300 1097 362 1176 χία
393 1098 503 1164 fabula
529 1101 568 1165 ab
600 1099 670 1164 aliis
703 1099 843 1188 Platoni,
885 1099 1045 1166 Oantharo
1079 1104 1118 1167 ab
1148 1099 1217 1165 aliis
1255 1099 1405 1166 tribuitur

305 1204 467 1293 (llelnelrc
489 1207 561 1274 hiat.
584 1206 651 1272 crit.
672 1228 704 1294 p.
720 1209 815 1293 251),
848 1207 1029 1293 Μύρμηκος
1057 1207 1224 1273 comoedia
1255 1232 1274 1272 a
1305 1205 1405 1275 Suida

302 1317 337 1378 ia
359 1313 523 1400 utriusque
544 1316 723 1382 fabularum
746 1339 883 1395 recensu
906 1317 1084 1384 exhibetur.
1137 1314 1202 1396 Qui
1225 1315 1403 1382 Omthuus

305 1445 377 1488 cum
406 1423 481 1488 satis
502 1423 654 1509 ignobilis
676 1425 818 1509 alioquin
841 1425 941 1490 fuisse
963 1425 1124 1506 rideatur,
1157 1423 1245 1488 haud
1274 1432 1323 1489 est
1349 1425 1404 1488 ab·

301 1553 417 1598 sonum
431 1531 521 1598 illum
533 1532 711 1619 Συμμαχίᾳ
732 1533 935 1618 οιΜύρμηξι
956 1531 1053 1598 [bissa
1074 1531 1272 1615 inscriptum.
1296 1529 1405 1610 Quare

301 1639 356 1706 alii
378 1660 453 1705 eum
474 1640 652 1712 fabularum
669 1641 858 1728 scriptorem
884 1642 1074 1722 babuerunt,
1090 1639 1154 1724 alii,
1169 1638 1405 1704 Platonicorum

306 1749 545 1837 comoediarum
567 1749 657 1816 chori
674 1749 876 1834 magistrum

389 1857 584 1945 Implicatior
606 1868 658 1923 est
678 1859 820 1943 quaestio
846 1860 887 1924 de
910 1859 1028 1940 tabula,
1049 1858 1099 1924 cui
1119 1877 1236 1924 nomen
1259 1857 1317 1922 fuit
1337 1851 1405 1924 Δι’»

300 1988 359 2048 ραι
381 1960 673 2047 ἢΜαμμάκοθος,
694 1977 775 2051 quae
796 1966 894 2033 modo
921 1964 1095 2048 Metageui,
1120 1964 1216 2032 modo
1237 1963 1406 2050 Aristago-

303 2087 371 2156 τοο,
392 2075 488 2142 modo
503 2074 629 2141 Platoni
645 2074 836 2142 adscribitur
860 2072 1023 2160 (Mainake
1044 2071 1117 2142 hist
1130 2072 1199 2138 crit.
1215 2093 1246 2156 p.
1260 2071 1405 2157 218sq.).

302 2185 399 2267 Quae
425 2209 498 2256 rum
518 2187 620 2252 semel
644 2187 730 2270 apud
752 2186 955 2252 Athenaeum
977 2183 1068 2266 Xlll,
1093 2184 1184 2250 bllb
1215 2183 1257 2250 ita
1278 2183 1406 2266 signifi-

301 2288 428 2362 caretur
450 2294 505 2377 „ori
525 2292 607 2360 nort
627 2293 682 2369 acic
698 2294 905 2378 Μεταγένους
922 2289 1036 2378 Αὔρας
1057 2291 1077 2376 ἢ
1097 2292 1151 2361 τὸν
1169 2291 1404 2376 ’Apaoroyo'oov

306 2404 572 2486 Mapaevrore,
606 2404 784 2470 Meinelrius
798 2405 856 2469 'ita
875 2405 1099 2491 interpretatus
1126 2411 1175 2468 est
1191 2403 1274 2468 baec
1293 2403 1405 2482 raba,

303 2521 340 2580 ut
357 2521 518 2595 sumeret,
546 2535 639 2598 quam
661 2512 850 2597 Metagenes
871 2514 930 2576 sub
955 2509 1075 2596 Αὐρῶν
1095 2512 1225 2577 nomine
1247 2510 1408 2579 docuisset

302 2622 444 2690 iabulrun
465 2623 506 2689 'ab'
528 2621 938 2706 Aristagora'retraetstam
962 2630 995 2686 ot
1014 2619 1252 2702 Μαμμακύθου
1276 2618 1405 2686 nomiae

301 2728 491 2815 inscriptam
510 2731 627 2800 iterum
648 2730 681 2794 in
701 2751 848 2797 scaenam
870 2730 1041 2816 prodiisse.
1083 2720 1269 2812 Fuitigitu'r
1290 2739 1399 2794 secuu-

304 2839 383 2907 dam
403 2838 638 2906 lleinelrianam
663 2840 819 2906 rationem
852 2840 960 2924 aliquo
987 2845 1070 2904 auno
1093 2839 1125 2902 in
1146 2837 1283 2924 publicis
1307 2837 1399 2902 docu-

303 2946 419 3014 mentis
448 2947 636 3035 inscriptam
666 2950 854 3031 Μεταγένης
885 2943 1029 3033 Aipora,
1062 2958 1209 3034 tempore
1245 2946 1405 3030 aliquanto

303 3058 484 3144 posteriore
501 3068 663 3124 exaratum
684 3067 733 3124 est
751 3056 984 3141 Ἀρισταγόρας
996 3056 1231 3140 Μαμμακύθῐρ.
1260 3055 1325 3124 Iam
1347 3055 1403 3118 ad·

303 3177 397 3253 paret
417 3167 508 3232 nullo
532 3167 629 3231 modo
645 3167 687 3232 ita
708 3188 806 3250 posse
827 3166 994 3253 explicari,
1017 3166 1104 3230 unde
1128 3166 1222 3230 etiam
1237 3166 1329 3230 Plato
1350 3182 1405 3228 an-

307 3283 375 3341 ctor'
395 3276 497 3340 dictus
527 3276 568 3340 sit
595 3275 836 3357 Μαμμακύθου
860 3274 984 3361 (Schol.
1006 3275 1171 3362 Aristoph.
1193 3275 1274 3340 Ran.
1296 3273 1404 3358 1017),

298 3405 389 3467 quae
409 3384 546 3449 dubitari
566 3406 632 3448 non
660 3392 783 3468 potest,
820 3383 896 3468 quin
923 3384 1037 3448 eadam'
1058 3385 1155 3449 luerit
1177 3381 1342 3449 comoedia
1362 3390 1408 3445 at·

301 3497 369 3576 que
399 3513 480 3575 quae
514 3494 553 3557 ab
586 3492 656 3557 aliis
681 3491 860 3576 Metageni,
897 3493 935 3558 ab
970 3493 1040 3556 aliis
1067 3493 1276 3578 Aristagorae
1297 3489 1408 3556 tribui·

303 3611 366 3665 tur.
408 3599 491 3666 Nam
514 3623 580 3664 non
602 3610 650 3664 est
669 3601 776 3664 simile
797 3600 868 3665 reri
893 3603 930 3666 ab
954 3600 1140 3688 aequalibus
1161 3601 1264 3687 poetis
1296 3600 1405 3686 plures

305 3716 368 3774 tam
399 3707 570 3792 singularis
602 3706 685 3772 tituli
713 3708 836 3773 fabulas
869 3730 941 3774 esse
970 3711 1115 3796 scriptas.
1169 3707 1342 3774 Praeterea
1372 3707 1405 3770 iri

305 3815 651 3884 obstatMcinekiauae
674 3817 827 3902 opinioni,
847 3819 934 3903 quod
952 3817 989 3881 in
1009 3818 1116 3884 indice
1135 3817 1318 3894 fabularum
1337 3815 1404 3882 Me-

304 3925 431 4009 tagonio
459 3921 600 3990 ascida
630 3918 760 4008 Αὖραι,
792 3925 1047 4006 Μαμμάκυθος,
1081 3923 1323 4008 Θουριοπέρσαι
1346 3933 1404 3989 etc.

305 4034 497 4117 referuntur,
521 4056 603 4120 quae
623 4045 710 4100 recte
728 4035 817 4101 idem
829 4035 1149 4100 mutavitMeinekius
1174 4045 1294 4119 quaest.
1319 4032 1405 4100 soll

303 4143 388 4229 pou
400 4142 434 4207 in
449 4135 591 4227 Αὖραιῆ
603 4143 850 4226 Μαμμάκυθος.
875 4143 959 4210 Nam
970 4145 997 4208 ai
1009 4144 1187 4210 Meinekius
1202 4153 1292 4209 recte
1302 4143 1403 4222 Μαμ-

304 4248 452 4329 μάκυθον
486 4249 660 4316 iudicasset
697 4250 868 4332 διασκευήν
898 4271 970 4315 esse
1001 4247 1122 4334 Αὐρῶν
1152 4249 1331 4338 Metagonio
1365 4253 1405 4315 ab

306 4356 497 4444 Aristagora
529 4361 663 4443 factam,
694 4361 839 4448 profecto
862 4382 924 4424 non
943 4357 1197 4442 Μαμμάκυθος,
1217 4365 1286 4424 sed
1316 4360 1404 4424 solua

306 4459 417 4549 Αὖραι
440 4466 546 4532 titulus
564 4467 647 4532 inter
662 4467 841 4553 Metagenis
863 4467 980 4532 relatus
995 4477 1091 4546 ¹esset
1107 4468 1249 4537 ,fabulas
1292 4467 1403 4551 Itaque
