3317 5484
811 587 854 650 28

282 767 367 836 tune
384 767 537 853 fabulam
556 770 672 836 docere
693 770 803 848 eone,
824 772 895 854 apae
913 769 1004 838 dedit
1024 772 1059 832 ie
1072 793 1231 836 scemam.
1254 768 1385 836 Darada

280 900 351 946 rem
371 881 420 942 ita
440 880 592 958 instituit,
614 891 726 946 atrae
742 876 901 962 salutas,
923 881 957 940 io
980 878 1094 967 qaibm
1125 877 1219 944 stari·
1246 881 1385 946 instruc-

287 989 334 1053 tie
349 989 633 1072 repetisse-erat,
654 987 731 1053 atriis
754 987 1148 1066 docenduscommitttrct,
1163 987 1293 1054 doceret
1315 991 1386 1073 ipse

281 1116 406 1180 paucus
439 1108 579 1174 tontum,
611 1119 694 1185 quae
723 1095 811 1160 laed
837 1096 970 1162 ocultam
981 1095 1218 1182 flagitaverunt
1241 1119 1383 1183 operam.

285 1200 367 1269 Cam
386 1206 511 1268 comica
529 1204 655 1271 abolita
674 1219 756 1268 esset
768 1202 908 1285 χορηγία
925 1204 1079 1293 chorique
1092 1205 1278 1272 instruendi
1289 1205 1385 1270 letor

282 1324 423 1378 remotus
445 1326 539 1391 creet,
560 1316 630 1399 epae
652 1312 789 1380 Plutum
808 1313 898 1378 dedit
921 1316 955 1378 ia
977 1335 1136 1380 scaenam.
1169 1312 1385 1380 Procerum

282 1433 444 1488 senectute
466 1425 610 1510 mamert
630 1435 824 1508 aspernatas
847 1436 893 1486 eat
916 1425 1098 1486 scaenicum
1129 1443 1277 1508 operam,
1307 1445 1385 1512 que-

276 1543 418 1616 propter
453 1529 608 1594 Cocalum
641 1543 672 1594 ct
704 1529 970 1609 Aeoloac'conem,
997 1553 1075 1619 quaa
1096 1531 1227 1598 atam
1249 1533 1385 1618 sarmati

277 1635 429 1723 sabulos,
450 1638 595 1703 Arerots'
605 1638 683 1723 filio
706 1639 869 1703 docendos
891 1638 1068 1702 mondavit.

368 1743 519 1814 Ceterum
538 1745 643 1832 primo
665 1745 722 1810 illo
745 1754 910 1831 tempore,
940 1766 1005 1830 quc
1032 1744 1066 1810 in
1086 1743 1241 1812 docendis
1266 1744 1384 1811 fabulis

283 1853 419 1920 aliorum
441 1875 542 1942 opera
561 1856 607 1923 uti
628 1856 735 1942 coepit
757 1854 1009 1940 Aristophanes,
1037 1854 1110 1920 sutis
1142 1877 1234 1920 rarus
1257 1853 1386 1920 videtur

283 1961 382 2031 fnisse
412 1962 464 2030 hic
495 1985 584 2030 usus.
630 1965 871 2049 Arystonymus
906 1962 991 2026 enim
1025 1963 1057 2026 in
1089 1960 1196 2046 Ἡλίῳ
1229 1960 1380 2046 p‘ryoivn,

283 2073 444 2159 Saunyric
467 2074 501 2139 in
521 2070 645 2136 Γέλωτι
670 2073 792 2157 (Schol.
814 2072 896 2138 Plat.
917 2094 970 2158 op.
989 2095 1022 2159 p.
1045 2074 1104 2138 331
1129 2073 1263 2158 Baka),
1287 2093 1381 2158 prae·

285 2189 373 2251 terea
391 2181 557 2269 Amipsias
583 2181 857 2265 (Ἀριστοφάνους
881 2181 951 2260 βίος
972 2203 1004 2268 p.
1026 2182 1087 2246 155
1111 2205 1140 2244 v.
1166 2185 1219 2267 ll)
1246 2181 1382 2246 cavillati

283 2300 356 2358 sunt
375 2290 503 2374 essedis
524 2287 618 2354 αὐτὸν
640 2288 800 2373 γενέσθαι,
825 2291 912 2376 quod
934 2273 1140 2376 prouerbium
1162 2289 1196 2354 in
1217 2311 1274 2355 eos
1289 2289 1384 2371 cadit,

284 2398 337 2484 qui
359 2398 392 2462 in
412 2398 550 2468 aliorum
571 2420 667 2463 usum
688 2397 854 2463 laborant,
877 2397 966 2478 Quas
988 2398 1211 2483 sugillationes
1236 2418 1276 2462 eo
1292 2417 1385 2484 spec·

282 2519 358 2591 tare,
381 2504 470 2595 qnod
492 2527 553 2595 per
568 2506 782 2575 Callistratum
803 2518 835 2572 et
854 2507 1055 2576 Philonidcm
1079 2507 1205 2574 fabulas
1226 2507 1384 2589 docuerit,

283 2616 410 2686 disertis
432 2615 540 2685 verbis
560 2616 644 2682 vitae
674 2615 770 2682 tradit
796 2617 942 2704 scriptor.
996 2615 1142 2682 Cavillati
1173 2625 1248 2682 sunt
1276 2615 1385 2702 igitur,

284 2726 382 2814 quod,
406 2749 478 2792 cum
491 2725 701 2812 Aristophani
722 2725 912 2794 scribendae
926 2724 1053 2792 fabulae
1075 2725 1166 2790 labor
1188 2733 1381 2790 asserveran-

280 2835 421 2917 tlandus,
449 2835 538 2902 chori
570 2834 712 2924 magistri
746 2837 909 2900 maiorem
937 2833 1061 2920 gloriae
1095 2843 1126 2900 et
1155 2833 1237 2900 lucri
1260 2844 1384 2920 partem

283 2953 486 3033 reportarent
506 2953 618 3031 utpote
639 2945 693 3030 qui
724 2954 755 3010 et
775 2942 914 3008 victores
935 2951 1197 3030 nuncuparentur
1218 2952 1251 3010 et
1273 2942 1386 3008 inscri-

283 3054 437 3124 berentur
460 3052 599 3140 publicis
622 3052 820 3130 documentis
852 3051 1101 3139 acciperentque
1134 3051 1209 3118 satis
1231 3073 1387 3138 magnum

282 3162 351 3231 sine
375 3163 475 3230 dubio
495 3185 553 3248 pro
576 3181 676 3248 opera
707 3184 765 3228 sua
787 3163 975 3248 praemium.
1018 3163 1066 3226 Ita
1089 3185 1160 3228 cum
1183 3160 1412 3248 sagittarent„

284 3268 345 3358 ipsi
362 3279 455 3358 ,certa
479 3269 568 3358 chori
587 3269 813 3356 magistrorum
839 3291 938 3357 opera
952 3292 1018 3337 non
1039 3271 1184 3338 solebant
1205 3270 1260 3336 uti.
1303 3269 1386 3336 Nam

284 3400 351 3444 non
372 3377 498 3444 videtur
512 3377 582 3444 veri
604 3377 709 3446 simile
730 3399 798 3459 ecs,
824 3378 913 3464 quod
934 3377 994 3465 ipsi
1016 3377 1170 3460 fecerint,
1192 3377 1246 3442 alii
1268 3401 1385 3466 expro·

285 3490 406 3556 branse.
429 3485 564 3554 Accedit
577 3486 674 3574 quod,
693 3485 720 3551 si
743 3486 800 3552 illo
819 3497 965 3574 tempore
988 3487 1152 3553 sollemnis
1174 3488 1288 3556 fuisset
1309 3509 1387 3552 usus

286 3597 376 3667 thori
394 3599 556 3686 magistris
578 3599 773 3666 committere
797 3598 932 3680 fabulas,
960 3619 1024 3664 non
1046 3608 1110 3664 tam
1130 3599 1171 3663 ad
1194 3621 1292 3666 unum
1312 3600 1386 3665 Ari·

288 3707 495 3794 stephanam,
531 3731 624 3792 quam
657 3707 698 3772 ud
723 3707 840 3774 multos
861 3719 975 3795 poetas
997 3717 1179 3794 spectatura
1199 3707 1312 3775 diisset
1333 3707 1389 3772 illa

287 3815 453 3882 cavillatio.
496 3817 572 3898 Qua
596 3839 666 3882 cum
689 3816 927 3883 ratiocinatione
952 3815 1087 3903 egregie
1109 3819 1283 3898 consentit,
1300 3817 1387 3903 quod

232 3957 236 3964 ·
286 3923 400 4010 tragici
437 3923 526 3991 chori
571 3925 715 4012 magistri
750 3925 889 4012 primum
933 3925 1019 4011 quod
1056 3925 1147 3992 nobis
1182 3937 1293 3990 notum
1338 3935 1387 3990 est

289 4031 477 4118 exemplum
509 4031 563 4096 vel
591 4029 644 4100 Ol.
673 4031 748 4113 89,ss
782 4033 873 4120 (422)
898 4033 950 4098 vel
974 4031 1027 4098 Ol.
1056 4033 1128 4114 90,3
1159 4034 1249 4118 (418)
1277 4042 1387 4098 extare

288 4140 435 4208 vidimus.

375 4251 495 4315 Verum
516 4273 582 4318 non
610 4252 698 4317 solus
726 4251 809 4317 inter
831 4252 976 4338 antiquos
997 4251 1134 4327 comicos
1156 4252 1387 4342 Aristophanes

289 4380 367 4423 usus
391 4369 439 4425 est
461 4361 549 4427 chori
569 4361 740 4449 magistris,
764 4362 823 4428 sed
846 4371 877 4427 et
887 4359 1080 4448 Eupolidem
1095 4370 1215 4428 constat
1237 4364 1290 4429 Ol.
1314 4365 1386 4445 90,1
