3317 5484
789 647 831 712 39

261 840 346 896 runt
389 829 562 894 Praeterea
582 827 797 893 Alexandrini
820 837 853 893 et
879 826 1073 914 Pergameni
1096 823 1293 912 grammatici
1313 846 1365 890 ae·

262 939 377 1024 quales
404 946 494 1002 erant
508 936 678 1024 posteriori
694 958 797 1002 novae
817 935 1003 1004 comoediae
1017 935 1120 1001 aetati.
1143 933 1268 1015 Quibus
1281 933 1367 998 haud

264 1047 373 1130 dubie,
399 1067 607 1133 quaeeunque
620 1047 759 1112 Athenis
781 1046 967 1134 prodierant
991 1047 1117 1114 fabulae
1138 1045 1242 1111 statim
1264 1044 1366 1112 mitte-

264 1162 396 1240 bantur,
418 1179 500 1244 quae
521 1157 741 1223 insererentur
762 1156 979 1241 bibliothecis,
999 1157 1158 1242 simulque
1180 1155 1366 1222 nuntiaban-

268 1277 325 1349 tur,
351 1287 434 1351 qnae
456 1265 497 1330 de
518 1264 633 1330 fabulis
658 1264 765 1342 πίναξι
790 1265 947 1332 tradenda
971 1274 1087 1331 essent.
1131 1264 1226 1331 Vnde
1247 1266 1365 1352 imper·

263 1375 387 1438 turbata
407 1372 519 1436 harum
541 1386 651 1435 rerum
674 1371 818 1456 cognitio
849 1372 889 1436 ad
919 1381 1066 1461 posteros
1088 1394 1152 1437 non
1175 1393 1364 1458 permanare

262 1504 328 1546 non
349 1481 460 1568 potuit.
503 1479 659 1545 Videmus
688 1478 788 1566 igitur
821 1503 862 1546 ex
897 1483 971 1549 satis
999 1491 1085 1549 certa
1109 1481 1166 1546 illa
1187 1503 1290 1548 novae
1312 1505 1364 1548 eo-

262 1591 411 1658 moediae
431 1591 540 1657 notitia
562 1613 627 1656 nou
645 1613 742 1678 posse
765 1590 914 1658 concludi
942 1591 1063 1658 fabulas
1092 1593 1131 1657 ab
1160 1589 1237 1677 ipsis
1261 1589 1365 1677 poetis

261 1702 295 1768 in
315 1722 462 1766 scaenam
491 1699 560 1764 dari
585 1721 658 1766 esse
679 1698 798 1796 solitas.
846 1699 970 1781 Immo,
1000 1699 1147 1785 quoniam
1167 1699 1294 1765 mediae
1314 1720 1366 1764 ae·
1467 1758 1469 1762 ,

261 1811 335 1876 tatis
358 1808 487 1892 comici,
518 1830 653 1894 quorum
683 1809 872 1875 oeconomia
891 1809 977 1874 haud
996 1807 1130 1874 multum
1152 1807 1279 1874 diversa
1301 1817 1367 1873 erat

265 1943 284 1983 a
306 1940 390 1982 nova
412 1917 592 2000 comoedia,
624 1937 722 2002 saepe
747 1917 869 1984 fabulas
891 1939 952 2005 per
974 1918 1053 1983 alios
1076 1917 1313 1984 committebant
1334 1917 1367 1982 in

265 2049 422 2109 scaenam,
447 2036 478 2092 et
490 2025 606 2113 tragici
622 2049 750 2114 quoque
772 2027 858 2092 illius
881 2025 1033 2114 temporis
1056 2027 1171 2092 eodem
1194 2029 1263 2092 fere
1276 2049 1367 2094 more

263 2139 451 2217 utebantur,
473 2158 537 2200 non
558 2136 629 2201 veri
650 2135 756 2202 simile
782 2145 831 2202 est
851 2158 953 2202 novae
978 2136 1164 2202 comoediae
1186 2144 1296 2223 poetas
1316 2158 1366 2202 re·

259 2254 358 2332 pente
391 2244 548 2313 abiecisse
577 2247 659 2311 hanc
688 2247 962 2312 consuetudinem.
1008 2246 1100 2329 Quae
1130 2268 1202 2311 cum
1223 2245 1266 2310 ita
1292 2245 1366 2328 sint,

263 2355 398 2442 adparet
420 2357 560 2421 comicos
585 2364 697 2442 poetas
720 2356 833 2423 eadem
856 2354 1059 2422 feneratione
1081 2377 1157 2420 usos
1179 2377 1250 2422 esse
1270 2354 1365 2422 inhia

261 2464 357 2529 rebus
379 2486 417 2528 ac
441 2463 590 2549 tragicos.

350 2571 452 2638 Initio
476 2576 559 2638 enim
582 2573 663 2639 belli
687 2571 966 2661 Peloponnesiaci
984 2587 1160 2662 eoepernnt
1178 2587 1294 2661 poetae
1314 2597 1366 2640 oo-

263 2683 342 2748 nsioi
352 2681 446 2749 ebori
453 2684 621 2772 mundtiis
632 2685 691 2749 nti.
715 2681 814 2764 Qnod
830 2707 903 2750 enm
914 2685 1092 2774 antiquitus
1105 2706 1185 2750 rnro
1201 2682 1366 2770 essetjao-

261 2806 339 2875 tran,
365 2796 484 2858 sensim
503 2792 664 2880 plneehot
682 2817 771 2858 nana.
804 2790 891 2873 Qnsis
913 2795 1026 2874 etiam,
1037 2806 1213 2884 postquam
1227 2797 1367 2861 common

259 2899 379 2965 ahorne
404 2899 545 2966 abolitus
567 2913 626 2981 eat,
647 2900 699 2964 nil
716 2903 787 2966 nabi
803 2899 1276 2989 seriberefabnlnaaolnernnt
1285 2926 1365 2990 poe·

259 3023 321 3088 tna.
361 3007 470 3100 Atque
489 3011 650 3097 pertinuit
671 3034 710 3075 en
731 3011 932 3077 coannetndo
963 3023 994 3076 et
1015 3011 1062 3076 nd
1080 3009 1219 3079 mediam
1241 3035 1364 3079 conoe-

259 3119 348 3185 dinm
370 3132 410 3200 et,
432 3121 472 3184 ni
492 3121 601 3186 omnin
615 3117 760 3208 fallunt,
782 3119 829 3186 ad
848 3143 975 3186 novans.

353 3228 506 3294 Ceterum
527 3251 569 3294 ne
592 3228 662 3314 quis
684 3228 818 3294 miretur
837 3238 900 3294 tam
923 3252 1024 3314 pauca
1043 3229 1089 3295 de·
1105 3229 1194 3295 chori
1207 3231 1368 3316 magistris

262 3337 447 3423 fabulisque
480 3359 590 3402 eorum
624 3361 722 3424 opera
748 3339 781 3404 in
799 3361 945 3405 scaenam
970 3338 1145 3405 commissis
1167 3340 1207 3406 ad
1227 3350 1368 3407 nostram

258 3446 446 3514 memoriam
458 3446 657 3533 pervenisse,
672 3457 707 3513 ut
721 3456 786 3514 tota
801 3470 852 3514 res
868 3471 973 3534 paene
989 3448 1166 3531 evanuerit,
1184 3449 1366 3515 meminerit

259 3579 323 3620 non
340 3557 435 3642 plura
460 3556 502 3620 de
521 3555 726 3622 histrionibus
748 3557 789 3621 ad
817 3566 962 3622 nostmm
983 3558 1221 3644 permanavisse
1242 3580 1366 3624 aevom.

260 3664 340 3749 Nam
360 3681 424 3730 non
446 3665 508 3730 nisi
529 3667 713 3751 aequalium
734 3667 816 3733 scire
839 3666 989 3748 interfuit,
1012 3691 1086 3732 num
1105 3667 1221 3733 chorus
1237 3667 1363 3732 histrio·
1387 3701 1391 3712 ·

258 3793 381 3859 nosque
404 3778 490 3842 bene
508 3785 615 3862 partes
631 3785 775 3862 agerent.
819 3776 931 3862 Itaque
953 3769 1104 3863 aequales
1137 3777 1226 3843 chori
1247 3777 1364 3862 magis·

258 3890 382 3946 trorum
416 3893 447 3947 et
475 3883 662 3949 histrionum
699 3885 905 3952 celebrabant
935 3885 1087 3969 nomina,
1119 3886 1295 3973 posteritati
1322 3911 1365 3954 ea

259 3998 379 4054 tantum
401 3991 568 4059 tradebant
591 4015 672 4079 qnae
701 3994 742 4058 ad
763 3993 907 4081 ipsarum
931 3995 1108 4062 fabularum
1129 4003 1363 4081 poetammque

258 4103 446 4170 memoriam
470 4105 681 4191 pertinebant.
