3317 5484
822 576 862 638 10

291 752 380 822 chori
401 753 625 838 magistrorum
645 755 676 822 in
706 755 844 842 publicis
872 755 1071 824 documentis
1096 758 1298 824 ferebantur.=
1326 756 1387 822 *Dc

191 877 196 890 ⁰
292 862 407 946 quibus
429 862 682 932 dissensionibus
703 864 786 930 inira
807 885 908 951 pauca
930 864 1053 932 addam.

334 973 448 1059 Neque
472 973 540 1038 ullo
562 974 659 1040 modo
683 984 732 1040 est
750 975 864 1041 mirum
884 974 983 1040 solius
1001 975 1088 1042 chori
1102 975 1246 1060 magistri
1269 995 1388 1040 nomen

291 1080 325 1152 iu
346 1080 472 1168 publica
496 1081 687 1149 documenta
716 1104 788 1150 esse
809 1091 976 1168 receptum
1007 1104 1115 1168 neque
1146 1081 1244 1148 ullam
1273 1091 1388 1168 poetae

292 1189 448 1258 rationem
460 1211 533 1256 esse
544 1191 691 1258 habitam.
735 1192 955 1277 Quaecunque
976 1191 1059 1258 enim
1075 1190 1271 1278 perficienda
1286 1200 1387 1274 erant,

296 1298 372 1369 dnm
393 1298 500 1366 fabula
520 1299 553 1364 in
575 1320 721 1366 scaenam
744 1299 963 1380 committitur,
989 1321 1052 1364 non
1070 1308 1184 1386 poeta,
1209 1298 1266 1364 sed
1299 1297 1388 1364 chori

295 1408 446 1494 magister
480 1411 618 1474 curabat
667 1407 700 1472 ls
722 1407 819 1494 igitur
851 1407 937 1494 apud
966 1407 1149 1474 archontem
1174 1427 1292 1473 nomen
1313 1428 1388 1494 pro·

294 1518 441 1587 litebatur
461 1520 655 1604 petebatque
678 1519 810 1584 chorum
834 1517 876 1603 (ν.
905 1515 1097 1602 quaestionis
1122 1525 1248 1582 nostrae
1268 1539 1300 1602 p.
1316 1515 1382 1597 34).

295 1627 415 1713 ltaque,
436 1650 508 1696 cum
529 1627 618 1692 solus
640 1627 728 1693 chori
752 1627 905 1712 magister
926 1634 1039 1712 ageret
1066 1647 1138 1690 cum
1160 1625 1296 1712 publicis
1322 1649 1389 1690 ma·

294 1736 490 1823 gistratibus,
511 1738 601 1804 etiarn
623 1737 721 1803 huius
739 1735 840 1803 solius
863 1756 979 1802 nomen
1002 1734 1140 1821 publicis
1160 1734 1318 1802 indicibus
1337 1735 1388 1800 in·

295 1846 393 1914 scribi
413 1855 481 1915 crat
502 1855 761 1913 consentaneum.

335 1955 413 2035 Iam,
437 1954 529 2020 unde
537 1954 674 2042 digressi
698 1977 835 2035 eramus,
855 1954 896 2020 ad
908 1951 1153 2023 Andromachae
1174 1952 1256 2020 illud
1276 1952 1390 2019 redsa

295 2087 367 2133 mns
386 2063 547 2145 scholion,
571 2065 604 2129 in
627 2086 708 2149 quo,
734 2085 815 2149 quae
837 2062 954 2150 scripta
974 2070 1047 2129 snut
1066 2058 1102 2142 „t
1124 2063 1158 2126 δὲ
1181 2059 1390 2140 Καλλίμαχος

295 2173 517 2257 ἕαιγραφῆναί
533 2194 612 2255 φησι
633 2174 672 2255 τῇ
693 2171 855 2256 τραγῳδίᾳ
869 2169 1108 2253 Δηιιοκράτην“,
1130 2191 1225 2236 nemo
1248 2170 1309 2236 iam
1333 2169 1390 2236 du·

295 2281 419 2360 bitahit,
450 2280 527 2366 quin
560 2281 740 2368 significent
760 2280 851 2346 chori
872 2281 1058 2366 magistrum
1088 2280 1188 2346 fuisse
1213 2279 1388 2347 Democra-

296 2399 377 2470 σενα,
395 2389 459 2475 qni,
483 2411 556 2454 cum
577 2390 720 2456 docuerit
729 2390 999 2471 Andromacham,
1024 2389 1150 2456 fabulae
1168 2388 1215 2454 illi
1233 2388 1266 2451 in
1285 2388 1388 2474 publi»

295 2499 341 2565 cis
362 2498 561 2568 documentis
583 2507 615 2562 et
633 2497 668 2562 in
679 2497 870 2580 didascaliis,
894 2520 975 2584 quas
990 2498 1089 2564 exeis
1107 2506 1196 2564 eram
1209 2507 1390 2583 excerptae,

295 2606 465 2692 inscriptas
487 2605 607 2678 fuerit·
636 2606 733 2687 Quod
754 2615 842 2672 rec-te
855 2606 1027 2674 iudicatum
1051 2628 1123 2678 esse
1145 2605 1248 2692 quivis
1266 2606 1390 2688 sentiet,

297 2717 349 2800 qui
370 2714 488 2785 uiderit
508 2714 542 2780 in
560 2715 681 2782 acholio
705 2716 745 2782 ad
768 2715 851 2780 Plut
875 2738 1001 2785 versum
1018 2718 1076 2780 179
1098 2715 1301 2784 Philonidem
1318 2717 1387 2784 Ari·

295 2823 457 2916 stephanis
479 2824 566 2889 chori
587 2823 773 2910 magistrum
786 2824 906 2895 eisdem
930 2847 1062 2912 prorsus
1075 2825 1182 2892 verbis
1199 2846 1270 2892 osse
1294 2824 1389 2912 signi-

296 2932 431 3009 ficatum.
475 2934 539 2998 Vbi
561 2933 609 2998 sic
628 2942 678 2998 cst
696 2934 866 3021 scriptum:
884 2935 1083 3016 „distortius
1107 2935 1141 2997 δὲ
1164 2933 1201 2996 οὐ
1222 2931 1276 2998 τὸν
1300 2957 1390 3014 ποιη-

297 3042 351 3125 νη’ν
386 3066 469 3127 φησι
497 3040 551 3127 σὸν
582 3043 618 3106 ἐν
650 3050 715 3117 τοῖς
744 3042 1019 3126 Ἀριστοφανειόις
1055 3041 1388 3128 ἐγγεγραμμένον

301 3150 471 3232 δράμασιν,
496 3148 538 3224 ὥς
559 3147 589 3212 οὶ
614 3150 689 3233 περί
717 3149 954 3232 Καλλίστρατον
974 3150 1007 3212 ἐν
1028 3152 1067 3234 τῇ
1080 3148 1250 3239 ὁμωνυμίᾳ
1273 3155 1390 3232 uiasq-

298 3257 433 3334 θέουσαι(

379 3367 690 3456 ErpoDemoerctes
706 3368 876 3455 Euripides
898 3368 1155 3456 chorimupa'ster
1171 3366 1245 3454 fuit
1266 3368 1391 3432 docuit·

297 3501 359 3566 que
382 3478 434 3545 uel
446 3476 496 3542 ΟΛ
509 3477 562 3557 89,
582 3479 605 3545 3
625 3479 677 3542 val
691 3478 778 3557 90ss
797 3476 1062 3542 Andromacham
1085 3479 1152 3542 eius
1172 3477 1390 3565 trapestilam.

295 3584 369 3653 Fuit
400 3586 498 3673 igitur
527 3585 678 3673 scriptum
701 3586 733 3651 in
755 3585 892 3672 publicis
913 3586 1073 3652 indicibus
1104 3596 1135 3650 et
1155 3586 1188 3650 in
1211 3584 1390 3650 didascaliis

296 3693 506 3776 Δημοκράτης
538 3692 753 3777 Ἀνδρομάχη.
806 3693 844 3760 ln
878 3695 992 3779 quibus
1026 3694 1193 3765 scholiasta
1226 3715 1297 3758 cum
1326 3715 1391 3758 non

294 3801 455 3888 reperiret
477 3801 736 3871 Andromacham
756 3801 920 3888 Euripidis
953 3804 1081 3870 nomine
1111 3803 1308 3889 inscriptam,
1340 3801 1394 3866 illa

295 3911 469 3988 hariolatus
483 3919 531 3975 est
547 3909 586 3973 de
597 3911 823 3994 Andromacha
837 3922 928 3978 extra
938 3913 1082 3979 Athenas
1101 3912 1132 3976 in
1148 3932 1293 3978 scaenam
1312 3911 1392 3988 data.

382 4021 493 4087 Vtrum
524 4019 626 4084 semel
649 4029 768 4085 tantum
795 4019 968 4108 Euripides
1001 4021 1091 4086 chori
1120 4020 1274 4107 magistro
1305 4019 1392 4084 fabu-

192 4132 195 4137 ⁴
296 4128 358 4196 lam
381 4127 556 4194 docendam
582 4129 774 4196 commiserit
795 4154 835 4194 an
857 4131 1002 4218 saepius,
1030 4150 1097 4194 non
1119 4138 1167 4194 est
1189 4138 1275 4195 certo
1297 4127 1390 4192 tradi-

298 4247 375 4304 tum.
424 4238 612 4326 Quanquam
640 4239 777 4324 egregie
798 4240 946 4304 convenit
974 4241 1053 4304 haec
1076 4227 1312 4326 ratio'ingenio
1333 4237 1393 4302 viri

302 4349 500 4432 σκυθρωποῦ
527 4356 559 4414 et
588 4348 752 4432 στρυφνοῦ
777 4348 879 4433 (γένος
904 4347 1080 4429 Εὐριπίδου
1105 4347 1160 4412 καί
1183 4347 1253 4428 βίος
1280 4370 1312 4434 p.
1334 4347 1392 4413 137
