3317 5484
816 586 859 650 22

302 770 387 830 rnis’
411 765 569 852 ὀρρωδῶν
596 766 753 850 διέτριβεν
783 767 834 832 nisi
856 768 911 832 xci
933 766 1015 846 πρὸς
1032 771 1189 832 τούτοισιν
1211 767 1354 852 ἔφασκεν

304 876 416 958 ἐρέτην
434 877 553 957 χρῆναι
576 876 687 957 πρῶτα
708 877 875 958 γενέσθαι,
900 876 975 958 πρὶν
994 876 1164 959 πηδαλίοις
1177 876 1366 958 ἐπιχειρεῖν,

303 979 372 1072 κᾷτ’
395 983 540 1048 ἐντεῦθεν
564 987 789 1068 πρῳρατεῦσαι
808 987 865 1049 καὶ
885 982 957 1058 τούς
981 982 1117 1065 ἀνέμους
1138 985 1335 1066 διαθρῆσαι,

304 1086 386 1176 κᾷτα
408 1092 566 1172 κυβερνᾶν
589 1089 683 1155 αὐτὸν
704 1085 819 1177 ἑαυτῷ.

286 1201 379 1281 Quae
420 1200 613 1287 comparatio
647 1209 714 1266 tum
753 1201 883 1268 demum
917 1203 1036 1289 poterit
1070 1202 1233 1290 intellegi,
1269 1201 1295 1266 ei
1324 1209 1393 1266 sta·

283 1308 440 1374 tuerimue
458 1309 668 1394 Aristophani
693 1310 855 1376 difficilius
875 1311 978 1376 uisum
1001 1331 1071 1376 esee
1095 1310 1184 1375 chori
1205 1309 1392 1374 instruendi

284 1441 411 1482 munus.
458 1418 597 1484 Prorsus
632 1419 907 1485 inexhieabilibus
938 1419 1060 1506 laqueis
1089 1420 1152 1485 hoe
1180 1419 1251 1485 loce
1280 1417 1390 1506 impli-
1468 1491 1471 1498 y

284 1537 404 1609 cantur,
430 1527 484 1614 qui
505 1527 547 1592 de
567 1535 684 1614 poetae
706 1549 842 1593 munere
864 1531 962 1595 verba
982 1527 1053 1592 fieri
1075 1528 1219 1593 eredunt.
1255 1527 1390 1614 Operae

285 1636 424 1726 pretium
449 1644 499 1701 eet
514 1636 616 1723 ipsius
637 1635 771 1722 Bergkii
791 1638 838 1723 (p.
862 1637 937 1722 916)
961 1636 1122 1724 inspicere
1142 1638 1257 1701 verber
1280 1633 1387 1718 „Con-

286 1745 389 1812 tendit
408 1745 506 1831 igitur
526 1753 623 1831 poeta
643 1745 823 1832 prudenter
843 1755 905 1810 tam
936 1737 1071 1810 arduum
1091 1769 1128 1810 ae
1151 1745 1282 1810 difficile
1305 1767 1389 1832 opus

287 1876 359 1922 esse
382 1854 641 1941 adgrediendum
660 1875 767 1940 neque
791 1854 895 1919 statim
919 1877 1078 1920 summum
1109 1855 1266 1920 honorem
1289 1875 1390 1942 expe.

286 1961 439 2029 tendum:
474 1986 570 2049 quem
595 1964 785 2028 sententiam
814 1986 878 2030 non
907 1963 1018 2028 inscite
1050 1963 1190 2050 imagine
1216 1963 1322 2049 aliqua
1345 1985 1390 2029 ex

286 2073 385 2139 rebus
406 2071 571 2137 navalibus
594 2073 693 2159 petita
714 2071 871 2137 illustrat:
893 2071 925 2137 in
951 2094 1012 2158 qua
1030 2072 1113 2136 illud
1136 2072 1202 2138 noli
1224 2072 1318 2137 nimis
1342 2073 1390 2137 ei·

287 2181 392 2260 ferre,
426 2179 514 2265 quod
535 2179 594 2244 tria
619 2180 709 2264 quasi
730 2200 854 2266 genera
874 2179 1018 2246 distinxit
1046 2202 1131 2245 neve
1155 2180 1231 2245 iude
1254 2180 1391 2246 conicias

288 2290 334 2354 eie
354 2288 447 2354 etiam
467 2287 501 2352 in
523 2287 634 2354 comici
659 2298 774 2376 poetae
796 2310 931 2354 munere
964 2297 1029 2354 tree
1063 2287 1153 2375 quasi
1181 2288 1302 2375 gradus
1327 2289 1390 2354 die-

290 2397 472 2486 peecendos
505 2419 596 2464 esse:
631 2420 744 2463 verum
778 2398 859 2463 nihil
894 2398 982 2463 aliud
1013 2399 1077 2464 hoe
1113 2397 1264 2484 exemplo
1298 2398 1393 2464 docet

288 2517 384 2596 poeta
395 2555 405 2587 ‚
427 2529 523 2593 quam
533 2553 543 2588 ,
566 2507 838 2592 quemadmodum
860 2507 894 2570 in
914 2507 985 2571 navi
1009 2506 1147 2590 primum
1160 2507 1231 2593 quis
1252 2507 1392 2594 remigio

289 2616 457 2682 adiunctus
480 2616 616 2682 aliorum
637 2615 780 2703 imperiis
806 2615 952 2698 obediat,
976 2626 1050 2702 post
1080 2616 1112 2680 in
1142 2625 1388 2703 proterentem

289 2728 457 2806 observet,
481 2723 622 2810 denique
643 2724 685 2790 ad
705 2725 829 2790 clavum
850 2725 1034 2811 regendum
1056 2724 1201 2804 accedat,
1233 2723 1275 2788 ita
1296 2723 1384 2792 etiem

289 2835 325 2901 iu
360 2833 480 2900 oomiea
507 2845 575 2900 arte
607 2833 725 2900 sensim
755 2843 787 2898 et
810 2833 902 2919 quasi
924 2855 983 2917 per
1003 2833 1122 2918 gradus
1146 2854 1309 2898 summum
1331 2833 1390 2896 lae·

289 2943 404 3028 tigium
427 2965 500 3010 esse
523 2945 718 3030 petendum:
748 2943 907 3028 signifieat
937 2941 1037 3028 igitur
1065 2949 1161 3028 poete
1191 2941 1271 3007 nihil
1304 2942 1394 3006 aliud

292 3074 385 3139 quem
410 3073 445 3118 se
466 3052 605 3139 primum
627 3051 696 3117 aliis
717 3052 821 3138 poetis
845 3051 1000 3116 honorem
1022 3051 1173 3116 lubenter
1195 3048 1395 3116 concessisse

292 3180 469 3246 eorumque
491 3161 626 3247 imperio
652 3160 855 3226 subiunctum
879 3159 989 3240 iuieee,
1010 3181 1096 3224 nune
1118 3159 1250 3224 demum
1270 3185 1287 3225 a
1298 3181 1393 3246 prae-

294 3278 365 3336 tore
381 3269 516 3334 cherum
537 3279 653 3356 petere
677 3291 791 3334 aueum
812 3274 914 3334 esse.“
1318 3334 1320 3340 s

380 3377 486 3457 Quam
508 3378 777 3464 comparationem
800 3378 902 3444 libere
931 3377 1085 3464 profiteor
1107 3376 1185 3442 mihi
1211 3399 1275 3479 pon
1296 3375 1395 3442 modo

295 3507 359 3548 non
380 3484 490 3550 scitam
501 3533 510 3565 ,
540 3487 598 3550 eed
619 3487 794 3552 admodum
815 3486 968 3552 insulsam
990 3486 1103 3550 videri.
1146 3485 1290 3550 Pessime
1311 3485 1397 3550 enim

292 3594 376 3660 inter
397 3615 433 3659 se
453 3604 698 3681 componuntur,
720 3595 808 3681 quod
822 3595 910 3678 apud
924 3594 1176 3682 Aristophanem
1200 3574 1246 3660 eet
1268 3591 1398 3676 „e'pe'aqr

269 3739 275 3754 ·
294 3703 417 3785 χρῆναι
438 3704 549 3784 πρῶτα
570 3701 738 3784 γενέσθαια
763 3711 794 3767 et
815 3703 881 3786 illa,
906 3727 998 3789 quam
1019 3702 1180 3789 Bergkiue
1202 3701 1325 3781 statuit,
1346 3723 1399 3766 re-

294 3813 348 3894 tie,
362 3833 425 3897 qua
443 3810 674 3897 Aristophanes
699 3812 839 3899 primum
863 3813 933 3878 aliis
954 3813 1058 3898 poetis
1074 3815 1229 3876 honorem
1246 3809 1398 3876 lubenter

297 3918 499 3988 eoneeeeerit.
541 3918 614 4000 illi,
638 3919 726 4005 quod
747 3923 890 3986 secundo
911 3921 983 3986 loeo
1007 3929 1055 3986 eet
1073 3918 1212 4005 positum
1236 3914 1320 4002 „rde’
1344 3916 1396 3980 εἰ-

295 4032 407 4093 ιιῦθεν
428 4031 682 4112 πριρραιεῦσαια,
702 4052 743 4093 ne
766 4038 814 4095 est
836 4030 967 4116 quidem
985 4029 1162 4094 seeundum
1176 4025 1395 4113 Bergkianam

296 4139 462 4220 rationem,
485 4140 572 4225 quod
592 4150 780 4227 opponatur.
818 4140 964 4220 Quadrat
985 4139 1087 4225 igitur
1107 4137 1254 4202 ultimum
1276 4143 1400 4200 aarum

296 4249 444 4335 imaginis
458 4252 646 4316 membrum.
678 4251 794 4316 Omnia
817 4259 926 4316 eontm
948 4247 1084 4334 egregie
1107 4245 1298 4332 procedunt,
1317 4243 1344 4308 si
1360 4241 1401 4306 ad

298 4357 386 4424 eheri
410 4358 588 4424 instruendi
611 4359 757 4445 peritiam
778 4359 963 4423 referuntur
977 4356 1028 4421 isti
1045 4377 1166 4420 versus.
1204 4353 1294 4434 Quos
1311 4349 1400 4416 solus

297 4477 385 4536 reete
422 4467 581 4536 intellexit
614 4468 808 4554 Droysenus
841 4466 875 4530 in
910 4464 1168 4553 Acharnensium
1200 4458 1402 4548 praefatione¹
