3317 5484
839 654 883 720 38

319 834 381 901 alia
414 835 587 922 proposui·
606 837 778 923 exempla,
821 845 888 902 tam
923 836 965 906 dc
997 837 1180 926 Antiphane
1212 846 1244 906 ot
1276 838 1422 908 Alexide

315 944 511 1014 fluctuabant
537 944 724 1031 opiniones,
763 965 898 1030 quorum
933 969 986 1016 tes
1017 946 1182 1015 scaenicae
1214 946 1259 1012 ita
1289 944 1420 1032 ignora-

315 1055 446 1135 bantur,
475 1062 511 1120 nt
539 1062 606 1123 tres
626 1055 753 1122 fabulae
781 1057 821 1121 ab
852 1053 922 1122 aliia
947 1054 1140 1142 Antiphani,
1171 1058 1211 1124 ab
1227 1054 1311 1126 aliis
1339 1054 1418 1124 Ala·

315 1161 385 1230 xidi
404 1161 623 1236 tribuerentur
641 1172 675 1229 et
692 1163 867 1258 baberetur
887 1161 1070 1252 Stephanus
1091 1164 1190 1234 modo
1203 1165 1307 1248 huius,
1320 1164 1420 1235 modo

316 1275 403 1344 illins
423 1275 508 1343 filins
530 1276 616 1363 (bist.
630 1277 699 1344 orit.
719 1298 751 1363 p.
775 1276 849 1342 321.
870 1276 943 1343 376.
961 1275 1050 1362 377).
1082 1273 1183 1346 Tanta
1203 1284 1309 1344 antem
1331 1274 1418 1346 inter

315 1384 480 1470 uniusque
511 1385 690 1454 tabularum
720 1384 828 1452 titulos
860 1383 1035 1452 similitudo
1066 1384 1254 1467 intercedit,
1286 1394 1322 1450 nt
1351 1405 1419 1453 non

315 1493 418 1580 possit
449 1516 515 1559 non
536 1493 608 1559 veri
629 1493 735 1562 similo
755 1492 862 1563 videri
890 1493 1072 1582 complures
1094 1515 1204 1564 earum
1225 1493 1325 1562 inisse
1348 1515 1417 1562 cas-

315 1602 400 1669 dem.
432 1601 524 1669 Idem
543 1601 577 1668 in
598 1601 748 1670 Alexidis
772 1610 805 1667 ct
819 1601 990 1688 Amphidis
1010 1601 1095 1670 cadit
1114 1599 1222 1668 titulos
1246 1600 1331 1686 (hist.
1347 1602 1416 1670 crit.

316 1735 348 1797 p.
368 1711 433 1777 405
450 1710 525 1784 adn
545 1711 614 1800 85).
640 1709 757 1796 Neque
777 1711 847 1778 nlla
867 1709 1036 1780 Nicostrati
1057 1720 1108 1780 cst
1129 1710 1246 1793 fabula,
1268 1710 1417 1797 quinden-

317 1822 392 1888 dem
412 1820 597 1890 Philetaero
616 1820 814 1891 tribueretur
834 1819 881 1908 (p.
904 1821 1004 1909 348)s
1022 1829 1058 1888 ut
1077 1841 1179 1908 pauca
1205 1821 1348 1890 adieram
1374 1821 1416 1887 do

313 1930 598 2012 innumerabilibus
623 1946 706 2014 quac
726 1928 904 1996 identidem
918 1929 1096 1998 Meinekius
1116 1929 1276 1996 adnotavit
1295 1928 1329 1993 in
1347 1926 1415 1997 nis-

316 2039 397 2106 toria
430 2038 546 2106 edica.
597 2036 690 2119 Quae
716 2059 788 2105 oum
810 2037 852 2106 in
872 2037 950 2121 sint,
979 2037 1074 2110 simul
1097 2035 1415 2126 atqnennpunveria

313 2146 401 2233 qnod
432 2166 529 2234 supra
559 2146 796 2218 demonstrasse
830 2147 907 2218 mibi
942 2147 1045 2219 ibam
1080 2170 1152 2216 sum
1186 2148 1272 2216 illinc
1303 2151 1414 2220 nentis

313 2254 454 2342 tragicos
475 2264 585 2342 postas
608 2255 800 2342 plenumque
820 2255 943 2327 fabulas
961 2255 1049 2323 chori
1069 2257 1231 2342 magistris
1248 2257 1410 2328 docendas

314 2363 527 2446 commisisse,
561 2363 720 2431 concedas
747 2383 882 2430 neeesse
913 2362 974 2430 erit
1006 2382 1072 2431 non
1099 2364 1169 2431 aine
1187 2367 1413 2453 probabilitate

314 2473 449 2541 eandem
469 2471 625 2541 rationem
637 2472 763 2540 mediae
780 2493 908 2560 quoque
930 2471 1115 2543 comoediae
1136 2475 1241 2560 poetis
1264 2474 1372 2544 tribui.

396 2579 464 2673 lam
477 2579 659 2665 quaeritur,
672 2589 736 2666 quo
753 2601 844 2651 mora
857 2601 961 2649 novae
974 2579 1160 2651 comoediae
1174 2583 1333 2668 poetaein
1347 2583 1410 2656 hoo

312 2710 437 2776 genere
458 2688 507 2757 usi
530 2688 603 2754 sint.
635 2687 944 2775 Discrepantiatum,
962 2687 1076 2774 quibus
1088 2689 1214 2759 medias
1227 2693 1410 2767 comoediae

310 2797 453 2866 notitiam
471 2800 671 2866 obsmrsom
699 2798 796 2865 modo
819 2797 974 2880 vidimus,
996 2797 1120 2867 nullum
1143 2821 1247 2885 paene
1269 2799 1302 2866 in
1322 2823 1401 2866 nova

311 2907 479 2978 comoodia
502 2914 591 2972 extat
608 2905 787 2992 vestgium·
824 2904 918 2988 Nam,
933 2916 1155 2994 praeterquam
1179 2903 1406 2993 quodssyvna

310 3017 418 3088 fabula
439 3019 477 3083 ab
501 3015 572 3083 aliis
592 3013 736 3101 Diphili,
755 3017 794 3080 ab
816 3014 887 3082 aliis
910 3011 1075 3082 Galliadae
1099 3014 1187 3101 (hist.
1201 3015 1268 3084 orit.
1281 3017 1411 3103 p.449),

307 3122 529 3193 mortuone
544 3125 598 3188 va
612 3122 738 3212 utputo
754 3123 806 3188 vn
827 3121 959 3210 Sosippi
976 3121 1023 3211 (p.
1037 3105 1116 3211 aba)
1129 3123 1304 3198 nonam
1328 3145 1414 3207 esse,

310 3215 384 3300 satis
408 3242 531 3299 certum
554 3232 595 3297 de
627 3233 730 3319 poetis
760 3232 825 3307 illis
845 3231 1127 3317 grammaticorum
1153 3233 1255 3304 fuisse
1281 3232 1412 3308 uidetur

308 3343 471 3417 iudicium.
514 3340 707 3428 Itaqusesit
738 3343 872 3411 fortasse
895 3342 948 3428 qui
968 3342 1107 3410 enunciat
1124 3342 1212 3432 ipsos
1233 3362 1337 3410 nouas
1360 3366 1412 3409 ao-

309 3452 456 3523 moediac
476 3456 727 3538 poetastabulas
751 3454 880 3526 dedisse
897 3455 930 3522 in
946 3473 1093 3526 scaenam
1108 3455 1317 3543 ipsorumque
1332 3477 1412 3541 poe-

308 3571 413 3636 tarum
444 3561 573 3631 nomina
601 3561 738 3648 publicis
768 3564 966 3632 documentis
990 3585 1064 3632 esse
1084 3563 1243 3652 inscripta.
1289 3563 1411 3634 Verum

309 3670 390 3739 hano
408 3692 461 3736 res
480 3678 570 3741 cento
591 3671 753 3746 adfirmari
783 3693 849 3741 non
872 3681 988 3758 potest.
1031 3671 1115 3740 Nam
1137 3674 1222 3759 quod
1245 3672 1321 3743 satis
1342 3695 1412 3742 cer⁴

309 3791 376 3851 tntu
406 3781 447 3851 dc
479 3803 561 3851 nova
594 3780 763 3853 comoedia
784 3781 995 3868 antiquorum
1028 3783 1414 3868 grammaticomastiae

309 3889 472 3972 indicium,
494 3889 586 3957 aliter
609 3908 739 3976 qnoque
758 3899 863 3977 potost
883 3891 1053 3978 explicari
1071 3890 1127 3958 llo
1151 3891 1236 3962 enirn
1253 3901 1409 3978 tempora,

310 4020 500 4083 quo,.novse
517 3997 707 4067 comoediae
730 3995 852 4085 poetae
872 4000 1063 4083 florebant,¹
1080 4011 1260 4086 cooperunt
1289 4000 1411 4084 antiqui

309 4105 482 4190 scriptores
504 4105 599 4182 rebus
629 4105 785 4177 scaenicis
805 4107 1013 4182 inlustrandis
1036 4127 1168 4194 operam,
1189 4109 1276 4182 dna.
1316 4107 1410 4188 ,Qun-

308 4235 381 4287 rum
406 4213 557 4301 princeps
570 4214 777 4289 ‚Anatotelas
790 4284 793 4291 ,
807 4225 841 4286 et
865 4216 919 4303 qui
947 4239 1024 4292 'cum
1046 4217 1157 4290 asenti-
1182 4225 1275 4301 sunt,
1303 4218 1410 4292 'Phao-

309 4321 478 4408 pinnatus·a
506 4321 723 4407 Dicaearchus
760 4326 858 4396 ceteri
887 4326 1111 4414 peripatetici„
1140 4329 1195 4413 qui
1225 4326 1277 4402 hit
1296 4326 1410 4400 antiis

309 4433 478 4512 uocabant,
503 4455 573 4521 cusu
593 4434 874 4520 »squalescerent
889 4457 1008 4519 nouae,
1031 4455 1112 4522 qnae
1130 4436 1409 4534 ,diotunopnoa

310 4541 400 4624 dac,
417 4541 612 4646 'onumen
635 4543 729 4624 unius
756 4545 905 4624 notitiam
939 4544 1116 4632 pertulisti
1147 4545 1410 4640 taderetpofltuo
