3317 5484
735 540 750 558 ⁹
842 598 862 659 2

302 806 372 864 nes,
395 783 582 847 nouaclum
597 803 662 845 non
684 781 850 846 confirmat
877 781 961 866 quod
976 780 1056 846 dixit
1071 741 1273 864 Chamaeleo,
1291 783 1400 864 immo,

302 894 328 956 si
351 913 435 978 quae
466 890 582 976 scripta
613 898 687 953 sunt
712 888 928 975 respiciuntur
960 911 1065 974 neque
1096 913 1178 979 quae
1200 913 1263 956 non
1285 893 1402 979 scripta

303 1010 376 1066 sunt
397 1023 439 1065 ex
461 998 590 1065 arbitrio
611 997 783 1078 adduntur,
808 997 977 1083 insigniter
1003 1007 1127 1064 nostrae
1145 1001 1229 1064 favet
1249 1001 1401 1088 opinioni.

303 1110 375 1176 Non
399 1108 483 1174 enim
509 1107 585 1172 dicit
604 1106 791 1190 Aeschylus
812 1131 831 1170 a
855 1127 889 1171 se
910 1111 1078 1193 primo-
1103 1108 1135 1172 id
1159 1110 1243 1194 quod
1267 1133 1402 1196 prorsus

301 1219 474 1285 hariolatus
501 1228 550 1283 est
575 1217 770 1284 Chamaeleo
802 1255 841 1266 —
879 1217 937 1282 sed
960 1241 979 1281 a
1000 1239 1035 1281 se
1057 1221 1128 1304 ipso
1150 1219 1264 1284 choros
1288 1219 1402 1284 instrui

303 1351 374 1393 esse
394 1328 512 1393 solitos.
543 1329 588 1392 At
601 1337 712 1393 notum
729 1337 778 1391 est
791 1328 830 1391 ab
845 1326 991 1411 antiquae
1008 1327 1191 1420 comoediae
1214 1326 1399 1413 poetis‘Ae-

301 1437 467 1524 schyleam
477 1436 592 1523 poesin
604 1458 766 1521 nunquam
781 1435 950 1520 antiquiori
966 1435 1081 1520 generi
1093 1435 1145 1500 vel
1158 1433 1330 1504 Choeriloo
1346 1439 1400 1502 vel

301 1545 507 1630 Phrymeheo
528 1544 665 1631 opponi,
698 1544 786 1630 quod
813 1565 879 1608 non
903 1542 1038 1608 multum
1059 1543 1250 1613 abhorrebat
1272 1547 1311 1610 ab
1334 1547 1399 1612 Ae·

300 1655 453 1740 schyleo,
484 1653 544 1719 sod
571 1674 700 1740 semper
732 1652 933 1737 Aeschylum
963 1676 1034 1720 cum
1065 1652 1238 1740 Euripide,
1268 1655 1399 1738 Melete,

302 1763 418 1830 ceteris
438 1762 671 1850 posterioribus
691 1761 796 1848 poetis
817 1761 983 1848 componi,
1009 1771 1043 1828 ut
1066 1763 1268 1848 Aeschyleac
1290 1765 1400 1851 poesis

301 1872 433 1937 virtutes
454 1893 532 1958 prae
555 1869 770 1936 recentiorum
790 1869 873 1934 vitiis
897 1869 1103 1936 extollantur.
1146 1871 1316 1938 Praeterea
1337 1873 1399 1940 iam

303 1981 500 2047 ostendimus
540 2001 581 2045 ex
610 1981 679 2066 ipsa
709 2002 818 2044 rerum
846 1988 958 2044 natura
991 1988 1086 2064 atquc
1119 1979 1246 2046 disertis
1278 1982 1400 2048 Aristo·

301 2090 375 2156 telis
408 2099 441 2154 et
470 2087 631 2153 Athenaei
654 2086 842 2152 testimoniis
870 2090 999 2174 antiquo
1028 2099 1173 2176 tempore
1204 2090 1348 2178 apoetis
1370 2101 1402 2156 et

301 2208 409 2286 partes
430 2208 513 2263 actas
536 2206 568 2263 et
588 2197 702 2263 choros
729 2196 901 2262 instructos
934 2218 1013 2262 esso.
1057 2199 1150 2279 Quae
1172 2222 1243 2264 cum
1265 2200 1307 2265 ita
1328 2200 1398 2278 sint,

301 2308 376 2372 sinc·
392 2305 491 2373 dubio
512 2305 698 2390 Aeschylus
717 2305 780 2370 illis
800 2305 928 2386 verbis,
955 2305 1041 2391 quod
1072 2307 1143 2393 ipse
1165 2309 1269 2373 omnia
1287 2309 1318 2372 in
1338 2317 1398 2374 tra·

301 2418 429 2506 goediis
450 2417 517 2483 suis
536 2416 813 2496 administraverit,
842 2439 906 2481 non
927 2415 1082 2482 adversus
1095 2425 1207 2504 poetas
1231 2417 1302 2506 ipso
1322 2417 1397 2484 anti-

302 2528 442 2614 quiores,
468 2513 526 2592 sed
549 2527 704 2592 adversus
725 2524 914 2613 Euripidem
937 2535 1125 2612 ceterosque
1141 2527 1336 2593 recentiores
1357 2527 1400 2592 ita

300 2636 467 2722 gloriatur,
491 2659 509 2700 a
532 2635 647 2722 quibus
667 2657 742 2700 raro
763 2643 870 2721 partes
893 2644 976 2700 actas
997 2656 1103 2736 nequxc
1124 2655 1252 2722 semper
1268 2635 1397 2702 chorum

299 2745 484 2810 instructum
507 2765 578 2810 esse
601 2745 703 2810 statim
724 2741 1020 2814 demonstrabimus.
1058 2741 1182 2808 Erravit
1203 2741 1300 2830 igitur
1314 2742 1397 2810 Cha·

299 2846 443 2926 maeleo,
466 2845 553 2935 quod
574 2867 703 2910 versum
726 2843 818 2910 illum
841 2843 883 2910 ad
903 2843 1097 2932 antiquiores
1117 2852 1227 2930 poetas
1251 2853 1398 2932 spectare
1464 2934 1469 2942 ῃ

300 2965 332 3022 et
353 2957 391 3028 ab
415 2955 580 3044 Aeschylo
604 2957 707 3044 primo
730 2957 844 3022 choros
866 2955 1035 3022 instructos
1058 2975 1129 3018 esse
1152 2952 1295 3020 credidit.

384 3065 501 3156 Itaque
534 3067 572 3129 c'd
591 3066 674 3146 mihi
696 3066 811 3130 videor
839 3078 927 3128 certo
950 3063 1090 3148 effecisse
1111 3067 1253 3154 antiquis
1276 3077 1391 3148 ternpo-

299 3173 388 3236 rc'baa
411 3186 546 3258 poetae,
576 3171 671 3234 chori
692 3174 861 3257 mopiatrc‘,
891 3171 1058 3249 histrionis
1091 3195 1224 3236 munera
1257 3171 1396 3236 eiusdem

295 3279 412 3366 fuisse
429 3281 576 3346 hominia·
1426 3273 1428 3282 ¹

385 3390 439 3455 Ab
460 3389 522 3454 hoc
540 3409 630 3454 more
650 3388 775 3474 primus
797 3387 932 3453 recessit
956 3387 1143 3476 Sophocles.
1180 3387 1246 3468 Qui
1267 3396 1399 3476 propter

297 3506 426 3564 tenuem
464 3520 526 3584 qua
548 3497 710 3563 laborabat
739 3519 852 3562 vocem
882 3496 915 3560 in
938 3497 982 3561 eis
1004 3496 1118 3562 fabulis
1143 3494 1247 3560 nullas
1276 3496 1399 3561 solebat

297 3629 396 3694 agere
417 3616 541 3693 partes,
570 3605 603 3670 in
638 3605 753 3691 quibus
787 3605 847 3668 alta
870 3628 952 3691 opus
976 3615 1062 3670 esset
1082 3627 1161 3670 voco
1184 3603 1399 3690 (Σοφοκλέους

295 3713 385 3798 γένος
405 3711 460 3776 καί
479 3714 548 3795 βιός
569 3736 603 3800 p.
627 3713 686 3777 127
709 3738 738 3776 v.
762 3714 804 3775 22
824 3712 911 3800 apud
932 3713 1239 3798 Westermannum).
1275 3714 1396 3776 Verum

296 3823 473 3909 Thamyrin
495 3823 580 3910 egit,
609 3822 642 3887 in
669 3844 730 3908 qua
757 3821 864 3887 fabula
887 3821 997 3886 fidium
1026 3819 1178 3886 excelluit
1201 3828 1294 3883 cautu
1317 3828 1348 3882 et
1364 3817 1396 3882 in

296 3931 453 4018 Plyntriis
473 3931 651 3996 Nausicaae
682 3930 747 4017 pila
769 3930 910 3996 ludentis
933 3929 1073 4014 suscepit
1092 3936 1199 4014 partes
1226 3927 1357 4010 (Athen.
1381 3925 1396 3990 I

295 4041 338 4105 20
360 4042 380 4104 f.
399 4038 512 4106 Eusth.
535 4041 576 4103 ad
600 4035 664 4104 Od.
687 4063 720 4126 p.
737 4040 806 4104 155.
828 4061 860 4126 p.
880 4039 990 4124 1533):
1019 4035 1167 4123 equibus
1184 4034 1318 4122 adparet
1331 4033 1397 4108 ‚So-

294 4149 446 4236 phoclem
467 4148 664 4241 *musicarum
687 4147 800 4212 artium
824 4147 922 4212 fuisse
938 4142 1181 4234 peritissimum.
1224 4141 1326 4208 Cuius
1348 4141 1397 4206 rei

295 4259 358 4324 hoc
379 4279 506 4345 quoque
519 4256 768 4339 est-indicium,
805 4256 892 4343 quod
913 4265 987 4343 post
1009 4251 1171 4320 victoriam
1195 4253 1397 4321 Salaminiam

296 4368 475 4454 Sophocles
495 4367 685 4432 adulescens
709 4366 829 4432 electus
853 4374 920 4446 cst,
954 4365 1008 4450 qui
1040 4364 1156 4430 cithara
1186 4385 1302 4429 canens
1323 4361 1396 4426 cho-

296 4499 384 4541 ream
408 4476 541 4541 ducerct
560 4477 656 4563 (Σοφ.
677 4502 704 4559 y.
719 4502 746 4538 κ.
762 4479 792 4556 β.
809 4498 842 4562 p.
860 4476 916 4538 127
940 4499 969 4537 v.
988 4475 1055 4560 20).
1088 4473 1199 4559 Itaque
1224 4471 1395 4538 admodum
