3317 5484
347 1453 464 1519 Graeci
477 1452 625 1518 dramatis
638 1452 751 1540 primia
762 1451 962 1540 temporibus
974 1459 1089 1538 poetae
1101 1453 1133 1516 in
1144 1451 1269 1534 fabulis,
1281 1457 1358 1538 quas

264 1565 415 1646 fecerant,
437 1572 469 1627 et
488 1565 627 1653 agebant
640 1569 748 1648 partes
763 1570 795 1625 et
806 1557 948 1642 chorum)
965 1559 1203 1648 chironomiam‚
1224 1561 1358 1626 saltatio-

262 1697 333 1756 nes,
346 1673 519 1738 carminum
536 1671 761 1736 cantandarum
773 1669 886 1734 modos
908 1668 1071 1735 docebant.
1098 1669 1196 1752 Quod
1205 1670 1249 1735 ita
1261 1673 1359 1738 fuisse

263 1784 387 1871 etipsa
408 1803 516 1848 rerum
538 1791 649 1846 natura
671 1790 707 1845 ut
730 1779 897 1846 credamus
918 1781 1031 1846 suadet
1052 1790 1084 1846 et
1104 1781 1221 1849 diserta
1237 1783 1359 1850 Aristo-

261 1893 335 1958 telis
364 1901 457 1980 atque
479 1891 640 1957 Athenaei
661 1892 761 1956 verba
789 1891 912 1956 docent
955 1889 1015 1956 llla
1048 1891 1130 1956 enim
1163 1893 1198 1958 in
1226 1893 1359 1961 rhetori·

265 2023 374 2068 corum
396 2001 623 2083 librolll,1:
651 1997 871 2084 „inexustum
897 1997 986 2084 χάρις
1013 2001 1136 2088 inquit,
1169 2001 1277 2085 ,μάται’
1305 2003 1360 2080 τάς

266 2111 445 2197 τραγῳδάας
472 2110 502 2176 οἱ
523 2112 654 2194 ποιηταὶ
673 2108 708 2172 τά
730 2114 881 2193 πρῶτον.“
917 2111 1103 2177 Athenaeus
1125 2109 1154 2194 I,
1178 2113 1220 2176 22
1242 2135 1259 2178 a
1279 2097 1359 2180 haec

265 2220 393 2289 scribit:
425 2219 507 2306 Ιᾡασί
539 2219 573 2283 δὲ
593 2220 649 2284 καὶ
676 2217 725 2283 δτι
750 2218 777 2283 οἱ
801 2219 932 2302 άρχαῖοι
953 2222 1081 2303 ποιηταί
1106 2220 1236 2299 Θέσπις,
1260 2225 1358 2306 Πρα-

262 2322 368 2409 τίνας,
393 2331 554 2415 Καρκίνος
577 2318 637 2418 (sic
655 2340 744 2396 recte
764 2331 928 2396 Bentloius
948 2353 1010 2419 pro
1037 2333 1194 2414 Κρατῖνος
1215 2331 1359 2398 codicum

263 2441 452 2530 scriptura),
489 2441 650 2524 Φρύνιχος
681 2437 839 2523 ὀρχησταὶ
867 2442 1034 2505 ἐκαλοῦντο
1065 2438 1118 2504 διά
1139 2439 1173 2504 τά
1196 2439 1241 2524 μὴ
1261 2443 1357 2523 μάνον

259 2546 302 2612 ’τά
322 2545 444 2614 ἑαυτῶν
466 2551 613 2634 δράματα
638 2549 811 2634 ἀναφέρειν
832 2549 879 2624 εἰς
895 2544 1037 2634 άρχησιν
1055 2551 1111 2614 τοῦ
1127 2551 1245 2632 χοροῦ,
1279 2547 1358 2612 ἀλλά

263 2659 321 2723 κατ’
352 2656 413 2737 ἔξω
443 2662 504 2722 τῶν
533 2659 626 2724 ι’διάν
655 2658 841 2750 ποιημάτων
864 2658 1024 2722 διδάσκειν
1050 2655 1121 2733 τοὺς
1146 2657 1361 2740 βουλομένους

262 2767 447 2848 ὀρχεῖσθαι.
489 2767 600 2853 Itaque
630 2767 765 2833 dubitari
791 2765 917 2852 nequit,
952 2765 1028 2852 quin
1056 2775 1171 2853 poetae
1193 2765 1359 2852 Aeschylo

184 2922 189 2932 ι
263 2877 459 2962 antiquiores
489 2886 520 2940 et
546 2913 586 2925 -
608 2876 641 2940 id
662 2875 748 2962 quod
772 2874 873 2939 statim
895 2873 1074 2938 videbimus
1097 2913 1137 2924 -
1161 2875 1232 2962 ipse
1255 2875 1359 2940 adhuc

264 2984 449 3070 Aeschylus
471 2984 503 3048 in
525 2984 638 3050 sabulis
649 3033 658 3066 ,
690 3004 767 3070 quas
790 2983 823 3046 in
846 3003 991 3047 scaenam
1013 2981 1144 3065 dabant,
1176 2991 1207 3047 et
1227 2984 1359 3048 chorum

262 3095 474 3159 instruxerint
499 3093 689 3180 egerintque
716 3093 777 3180 ipsi
798 3091 831 3156 in
862 3092 907 3156 eis
934 3095 1088 3179 partes¹).
1132 3091 1224 3173 Quae
1257 3091 1360 3180 primo

261 3205 413 3291 adspectu
428 3203 609 3268 labefactari
624 3201 772 3266 videntur
788 3201 1046 3267 Chamaeleontis
1068 3201 1258 3267 auctoritate.
1286 3201 1356 3264 Χα-

262 3313 518 3396 μαιλέωνχοῦν,
541 3311 643 3397 inquit
656 3311 843 3377 Athenaeus
866 3309 881 3374 Ι
901 3309 941 3372 21
966 3331 993 3390 ο,
1020 3313 1145 3394 πρῶτον
1166 3308 1260 3373 αὐτόν
1281 3310 1359 3396 (Ae-

264 3419 427 3508 schylum)
458 3444 538 3504 φησι
568 3421 762 3501 σχηματίσαι
786 3413 858 3492 τούς
877 3415 1001 3500 χοροδς
1017 3415 1362 3504 ὀρχηστοδιδασκάλοις

266 3527 302 3589 οὗ
328 3529 547 3611 χρησάμενον,
578 3525 659 3590 aaut
687 3527 744 3590 καί
775 3522 870 3589 adeda
903 3533 969 3599 τοῖς
996 3531 1106 3608 χοροῖς
1139 3523 1178 3588 τά
1212 3526 1361 3610 σχήματα

266 3637 413 3698 ποιοῦντα
430 3639 493 3700 τῶν
513 3635 679 3717 ὀρχήσεων
701 3638 756 3701 καί
777 3634 860 3710 ὅλως
881 3632 988 3697 πάσαν
1018 3631 1073 3716 τὴν
1098 3635 1153 3716 τῆς
1176 3632 1361 3724 ,τραγῳδίας

268 3741 449 3824 οἰκονομίαν
473 3743 520 3818 εἰς
540 3735 653 3807 ἑαυτὸν
675 3746 851 3826 πἐριιστάν.
895 3744 987 3825 Quae
1018 3742 1096 3806 false
1126 3763 1197 3806 esse
1221 3739 1294 3805 satis
1321 3761 1361 3804 ex

263 3873 301 3916 eo
323 3853 473 3943 adparet,
498 3853 602 3939 quod,
625 3853 768 3939 quaead
791 3853 1057 3941 comprobandam
1081 3849 1268 3915 sententiam
1287 3865 1361 3935 pro·

263 3960 325 4024 lata
345 3971 418 4025 sunt
448 3983 490 4025 ex
516 3961 732 4050 Aristophane
762 3963 960 4044 testimonia,
990 3959 1080 4025 nihili
1115 3968 1195 4024 sunt
1239 3959 1362 4023 Versus

263 4069 347 4134 enim
370 4071 551 4157 posteriore
578 4071 651 4136 loco
682 4071 777 4158 positi
808 4072 897 4136 nullo
931 4071 1027 4136 modo
1051 4068 1207 4155 quadrant
1228 4067 1260 4130 in
1282 4067 1365 4131 hanc

264 4179 500 4263 quaestionem,
529 4179 619 4267 prior
650 4201 764 4268 versus
792 4187 894 4260 „cutm
915 4185 1028 4266 χοροῖς
1051 4175 1144 4251 αὐτὸς
1165 4172 1205 4238 τά
1227 4174 1362 4258 σχήματ’

261 4286 390 4352 ἐποίουν
401 4293 427 4361 ,⁸
449 4312 531 4375 quae
552 4291 652 4354 verba
673 4287 875 4375 Aeschylum
897 4287 1053 4354 dicentem
1080 4287 1152 4352 facit
1175 4284 1361 4372 Aristopha-

285 4525 290 4531 .
327 4474 360 4539 11)
377 4471 475 4527 Partes
492 4473 567 4540 enim
586 4488 670 4542 agere
687 4473 794 4542 primus
814 4471 963 4541 Sophocles
983 4472 1073 4529 desiit.
1090 4489 1116 4525 v.
1128 4471 1200 4526 inira
1209 4487 1272 4540 pag.
1285 4470 1362 4528 aas.

1147 4560 1161 4620 1
