3317 5484
120 4534 121 4615 x

119 4624 121 4701 l

764 507 775 536 ⁰
834 566 854 632 a

293 737 497 828 ’Adfirmat
521 747 704 814 bariolentis
726 749 923 834 grammatici
944 770 1053 818 merae
1075 758 1149 817 sunt
1170 769 1288 837 nugae.
1308 747 1392 816 Nam

294 855 486 944 Euripides,
517 877 721 944 quascunque
753 859 876 927 fabulas
911 869 1002 926 extra
1023 860 1174 927 Athenas
1193 859 1226 924 in
1245 878 1393 926 scaenam

296 964 461 1046 commisit,
504 975 559 1030 ant
602 965 806 1053 Magnesiae,
849 977 920 1050 aut,
960 991 1032 1034 eum
1075 967 1163 1056 apud
1193 967 1390 1035 Archelaum

297 1072 450 1158 degeret,
477 1075 614 1139 ediderit
642 1097 777 1142 neeesse
810 1086 867 1142 est.
909 1081 1032 1143 Verum
1063 1085 1183 1144 constat
1201 1074 1391 1163 Euripidem

295 1191 370 1268 post
400 1181 616 1269 olympiadem
645 1183 775 1248 demum
797 1186 869 1266 93‚1
899 1185 988 1272 (408)
1022 1185 1159 1254 Athenis
1194 1182 1393 1272 Magnesiam

297 1298 329 1354 et
361 1290 437 1356 inde
467 1292 509 1356 ad
541 1292 740 1358 Archelaum
772 1294 927 1379 migrasse
965 1294 1101 1382 (Ritsohl
1137 1293 1179 1360 de
1199 1293 1392 1380 Agathonis

297 1399 361 1464 vita
379 1423 412 1486 p.
436 1401 500 1487 14).
532 1402 761 1468 Andromacha
792 1413 900 1470 contre
929 1413 984 1470 aut
1010 1405 1072 1470 iam
1104 1403 1156 1470 Ol.
1187 1403 1259 1484 823
1290 1403 1392 1488 (422),

296 1507 332 1572 id
364 1507 451 1594 quod
482 1509 561 1574 mihi
590 1509 818 1578 Zirndorferus
841 1512 987 1600 probavit
1006 1512 1040 1576 in
1062 1511 1270 1596 chronologia
1298 1508 1392 1579 Euri·

297 1617 395 1704 pidea
434 1641 466 1705 p.
498 1619 562 1701 45,
595 1629 649 1686 aut
688 1620 741 1686 Ol.
774 1621 847 1702 90‚3
879 1619 1010 1708 (418),
1048 1643 1128 1707 qnae
1160 1619 1304 1688 Boeckhi
1347 1629 1395 1689 eat

297 1725 407 1812 opinio
435 1727 635 1813 (tragoediae.
665 1726 778 1796 Graec.
810 1730 912 1817 princ.
943 1753 976 1817 p·
1005 1729 1098 1816 189),
1134 1738 1165 1794 et
1197 1727 1314 1815 scripta
1344 1737 1394 1794 eat

296 1843 331 1904 et
359 1843 445 1917 autc,
471 1844 526 1918 ut,
557 1837 633 1922 quin
660 1837 797 1904 Athenis
820 1837 996 1926 prodierit,
1025 1859 1091 1902 non
1113 1835 1215 1924 possit
1245 1835 1391 1902 dubitari.

296 1944 380 2010 Nam
409 1945 613 2030 Bernhardyi
647 1948 801 2012 sententia
841 1947 998 2034 (Grundr.
1035 1948 1066 2012 d.
1095 1946 1217 2032 grieoh.
1247 1943 1320 2010 Litt.
1339 1944 1393 2026 -Il,

297 2076 330 2140 p.
364 2054 427 2117 414
463 2054 513 2119 ed.
546 2057 613 2142 2.),
645 2056 700 2141 qui
731 2055 831 2120 fidem
873 2056 970 2120 habet
1001 2053 1189 2120 scholiastae
1222 2051 1392 2138 statuitque

298 2163 556 2230 Andromacham
587 2165 737 2252 scriptam
768 2186 840 2230 esse
857 2237 860 2240 ,
875 2163 1006 2250 quidem
1034 2163 1153 2228 oiroum
1179 2160 1232 2230 Ol.
1256 2162 1314 2242 89,
1341 2183 1395 2226 ve·

297 2295 369 2336 rum
402 2295 461 2360 per
501 2273 684 2361 complures
720 2296 820 2339 annos
853 2274 888 2338 in
919 2271 1042 2338 seriniis
1070 2279 1228 2337 retentam
1259 2279 1290 2336 et
1326 2278 1393 2338 tum

299 2381 430 2446 demum
453 2392 544 2446 extra
561 2383 703 2448 Athenas
723 2383 756 2448 in
780 2405 926 2449 scaenam
949 2381 1063 2461 datam,
1087 2379 1257 2446 admodum
1279 2387 1327 2445 est
1346 2401 1395 2446 ar·

299 2489 438 2556 tificiosa.
468 2490 639 2556 Praeterea
657 2501 721 2556 tam
735 2514 832 2579 saepe
849 2492 882 2556 in
893 2493 953 2560 hae
968 2489 1074 2556 fabula
1095 2489 1135 2556 ad
1155 2511 1210 2554 res
1231 2486 1395 2558 adluditur

298 2598 434 2673 auitas,
448 2599 673 2686 invehiturqne
704 2610 767 2666 tam
787 2620 885 2688 saepe
908 2600 941 2664 in
966 2599 1194 2687 Spartanorum
1220 2596 1396 2682 perfidiam,

301 2707 355 2794 qui
386 2716 419 2772 et
449 2707 597 2791 01.89,3
620 2718 652 2774 et
676 2709 730 2776 Ol
755 2711 828 2790 90,3
852 2706 1084 2778 conditionibus
1104 2705 1300 2775 induciarum
1324 2692 1394 2772 cum

299 2816 550 2883 Atheniensibus
573 2819 726 2900 factarum
747 2818 908 2884 nonsatis
939 2819 1148 2898 suffecerant,
1178 2825 1214 2880 ut
1245 2815 1395 2902 adpareat

299 2925 438 3012 paucula
465 2948 548 3012 qnae
578 2927 707 2992 fabulae
731 2926 778 2991 illi
808 2927 884 2992 satis
905 2926 1042 3012 frigidae
1063 2927 1170 2990 insunt
1190 2925 1310 2990 lumina
1331 2947 1395 2990 om·-

301 3036 376 3101 nino
389 3059 454 3102 non
470 3037 614 3124 potuisse
628 3035 914 3120 animadverti'nisi
928 3059 1001 3102 eum
1012 3036 1148 3102 Athenis
1166 3044 1197 3100 et
1208 3035 1311 3102 statim
1322 3039 1396 3120 post
1462 3043 1465 3050 '

302 3145 470 3213 commissa
497 3146 553 3210 illa
574 3170 592 3211 a
617 3145 879 3213 Lacedaemoniis
913 3146 1032 3232 flagitia
1052 3155 1121 3212 acta
1139 3145 1243 3211 fuerit.
1294 3143 1397 3240 Nemt)

302 3263 407 3319 autem
438 3256 585 3341 negabit,
616 3257 764 3342 quaein
788 3257 1016 3322 Andromacha
1037 3265 1145 3322 extant
1174 3256 1208 3322 in
1229 3254 1398 3343 Spartano·

300 3385 372 3427 rum
396 3364 564 3448 perfidiam
584 3364 763 3447 maledicte,
785 3364 914 3430 minime
936 3363 1036 3430 fuisse
1060 3375 1132 3453 apta
1153 3385 1259 3432 coram
1274 3361 1398 3428 Arche-

300 3472 366 3553 lao,
391 3474 511 3561 quippe
533 3474 623 3539 cuius
643 3484 736 3561 pater
758 3474 938 3558 Perdiccas,
963 3499 1045 3557 curn,
1073 3484 1168 3564 prout
1185 3472 1248 3562 ipsi
1269 3471 1399 3558 profuit,

300 3581 397 3647 modo
417 3583 670 3651 Atheniensibus
697 3584 793 3650 modo
815 3584 1077 3655 Lacedaemoniis
1107 3585 1279 3672 opitulatus
1303 3589 1398 3661 esset,

302 3689 380 3778 ipsis
402 3691 464 3756 illis
486 3693 684 3779 temporibus
712 3692 886 3782 Spartanos
902 3695 1131 3780 'sublevaverit
1163 3693 1324 3778 fueritque
1346 3691 1399 3756 ad·

294 3819 415 3868 ‘versus
435 3801 652 3867 Athenienses
677 3804 753 3890 ipsis
780 3805 945 3891 Spartanis
972 3805 1072 3870 multo
1103 3800 1257 3890 perfidior
1290 3801 1399 3887 (Abel,

302 3909 514 3976 Makedonien
535 3933 595 3976 vor
617 3911 753 4000 Philipp,
778 3913 893 4001 plen.
909 3914 992 3998 189).
1026 3911 1182 3978 Videmus
1204 3911 1302 3996 igitur
1324 3910 1401 3978 falsa

304 4039 393 4099 esse,
415 4040 496 4103 quae
517 4020 683 4086 scholiasta
704 4024 828 4108 profert
850 4023 891 4087 de
905 4021 1130 4088 Andromacha
1152 4028 1244 4085 extra
1257 4020 1401 4086 Athenas

303 4130 336 4192 in
358 4148 504 4194 scaenam
529 4129 610 4195 dats.
652 4131 716 4213 Qui
740 4154 831 4198 error
853 4117 940 4196 unde
961 4131 1001 4195 sit
1021 4139 1125 4212 ortus,
1154 4128 1236 4194 infra
1260 4127 1399 4216 expliea-

304 4236 405 4302 bimus
433 4240 477 4321 (v.
499 4262 530 4326 p.
554 4242 620 4327 10).
788 4307 795 4319 ,

388 4346 495 4434 Magni
514 4357 623 4414 nonna
642 4351 792 4414 momenti
817 4359 890 4416 sunt
910 4348 1064 4430 facienda,
1091 4371 1173 4434 qnae
1188 4347 1400 4416 Callimachus

308 4456 381 4524 dicit
408 4458 577 4524 adcuratus
602 4459 804 4546 philologus,
820 4460 886 4550 ‚oui
913 4467 1043 4548 praesto
1073 4468 1163 4526 erant
1187 4457 1400 4542 διδασκαλίαι,
