3317 5484
785 609 825 672 19

247 813 339 901 signi
368 837 452 901 opus
482 821 569 880 esset
597 814 711 879 artium
742 813 934 879 musicarum
965 813 1077 898 peritia
1108 824 1203 900 etque
1234 817 1357 882 exerci-

253 923 389 1004 tatione,
417 932 449 988 et
477 922 617 989 officium
642 922 724 988 illud
753 922 924 987 mandasse
957 919 1137 989 Callistrato
1165 923 1277 990 harum
1304 947 1357 991 re·

252 1056 325 1098 rum
348 1031 557 1119 peritissimo,
579 1031 635 1117 qui
646 1079 656 1113 ,
680 1032 706 1095 si
729 1032 812 1096 bena
836 1032 1036 1096 exercuisset
1060 1033 1211 1114 chorum,
1233 1035 1360 1102 fabulae

255 1148 454 1206 venustatem
478 1140 614 1225 egregie
633 1147 759 1205 aucum
783 1137 823 1202 iri
845 1138 1022 1204 rectissime
1045 1140 1161 1204 statuit.

339 1249 449 1319 Alium
471 1247 565 1329 viam,
589 1269 652 1332 qua
672 1247 755 1312 haue
769 1247 991 1312 difficultatem
1007 1258 1203 1331 removeret,
1217 1251 1360 1318 Rsnlrius

255 1362 424 1445 ingressm
448 1365 497 1422 est
516 1355 549 1420 in
570 1355 769 1442 praefatione
785 1356 1012 1443 Aristophanis
1024 1356 1217 1424 hlainelriani
1238 1384 1271 1447 p.
1283 1358 1358 1425 XX.

257 1465 438 1532 Nimirum
459 1465 559 1530 fidem
580 1467 720 1550 abnegat
739 1464 788 1529 illi
814 1465 889 1548 περὶ
909 1465 1079 1549 κωμῳδίας
1108 1467 1253 1554 scriptori
1265 1517 1275 1550 ,
1307 1469 1360 1554 qni

257 1575 425 1662 Epulones
453 1572 675 1638 aOsllistratc
708 1573 833 1638 doetmu
864 1593 936 1638 esse
965 1573 1080 1655 tradit,
1114 1576 1284 1661 statuitque
1311 1555 1362 1640 ea,

257 1684 326 1750 rori
347 1681 518 1750 Oa'llietrati
546 1703 665 1747 nomen
697 1682 810 1748 deberi
834 1691 865 1746 et
897 1682 1029 1768 primam
1062 1682 1288 1770 Aristophanis
1316 1688 1363 1750 ta-

262 1792 370 1860 bulam
397 1815 416 1856 a
444 1788 618 1856 Philonide
645 1793 767 1875 quippe
802 1790 856 1874 qui
888 1790 1028 1857 nobilior
1058 1791 1173 1856 fnisset
1204 1802 1301 1880 poeta
1319 1799 1364 1878 (r.

261 1924 293 1986 p.
326 1902 380 1986 11)
409 1899 444 1964 in
464 1919 624 1966 ‚amenum
655 1919 726 1964 esse
756 1897 869 1962 datam.
924 1899 986 1964 Oui
1019 1901 1195 1966 sententiae
1228 1901 1364 1990 insignis

262 2012 367 2101 primo
402 2010 555 2096 adspectu
591 2007 713 2074 accedit
745 2007 980 2075 commendatio
1017 2031 1059 2074 ex
1093 2011 1273 2097 Vespsrum
1308 2011 1365 2076 illo

264 2145 358 2197 versu
381 2119 481 2186 10182
511 2116 577 2196 „rt
603 2119 663 2198 μὲν
683 2117 719 2179 uri
742 2120 906 2200 φανερῶς,
932 2118 1000 2180 ἀλλ’
1024 2119 1365 2203 ἐπαοαρῶναρὺβδην

258 2225 458 2312 ἑτέροισι
496 2233 717 2308 nosquam
765 2226 829 2292 Vbi
860 2228 1000 2313 permira
1030 2236 1104 2292 sunl
1138 2227 1194 2294 illa
1226 2222 1360 2308 ἑτέροισι

260 2346 409 2422 ποιηταῖς
423 2335 541 2425 plurali
560 2357 698 2400 numero
711 2335 825 2422 posita.
851 2335 933 2400 Nam
953 2336 986 2398 in
1007 2337 1118 2419 tribus,
1139 2359 1222 2422 qnae
1239 2337 1366 2424 priores

263 2448 432 2534 Equitihus
445 2446 646 2533 prodierunt,
668 2444 785 2512 fabulis
804 2444 838 2508 in
854 2466 999 2510 scaenam
1023 2445 1256 2514 committendis
1271 2445 1367 2510 onius

266 2555 441 2624 Gellistruti
460 2579 573 2643 opera.
580 2555 831 2642 Aristophanem
854 2575 949 2618 usum
980 2576 1051 2620 esse
1082 2555 1200 2626 diserte
1236 2563 1285 2619 eet
1305 2563 1367 2618 tra·

267 2666 372 2730 ditum
396 2665 438 2747 (v.
460 2686 491 2751 p.
515 2667 583 2751 17).
627 2663 724 2730 Vnde
747 2685 824 2729 sane
843 2665 945 2750 possit
965 2663 1068 2730 conici
1099 2684 1170 2730 esse
1191 2661 1313 2749 aliquid
1334 2664 1367 2728 iu

264 2773 423 2840 medendo
444 2773 617 2839 callistrati
639 2773 769 2838 nomino
790 2775 929 2837 erratum
956 2782 988 2838 et
1007 2795 1103 2836 unam
1127 2770 1255 2838 illarum
1280 2774 1367 2837 fabu-

265 2885 370 2948 lmum
390 2907 410 2946 a
428 2881 601 2948 Philonide
625 2881 752 2948 doctam
772 2903 854 2946 esse.
889 2885 944 2962 At,
967 2882 1020 2967 qui
1043 2881 1170 2946 taudem
1186 2881 1288 2946 sciunt
1308 2880 1368 2944 viri

266 2992 349 3058 docti
371 2991 474 3070 illud,
492 2991 585 3077 quod
608 3011 721 3056 amnes
743 3013 808 3054 nno
833 3012 889 3056 ore
910 2999 1071 3076 repetunt,
1093 3000 1159 3056 tres
1182 2999 1303 3053 tantum
1325 2991 1369 3053 fa-

268 3100 358 3165 bulas
388 3107 461 3162 ente
483 3097 617 3184 Equites
642 3099 766 3164 doomm
798 3101 838 3163 ab
871 3097 1088 3183 Aristophane
1118 3096 1250 3184 scriptas
1272 3094 1369 3162 esse?

268 3205 432 3289 Nusquam
460 3205 524 3269 hoc
552 3211 601 3269 est
634 3203 784 3270 traditum
815 3225 923 3286 neque
950 3212 1054 3285 extat,
1077 3203 1163 3288 quod
1189 3225 1248 3268 uos
1268 3202 1369 3289 impe»

270 3312 355 3391 diat,
389 3336 453 3398 qun
484 3312 588 3376 minus
622 3321 796 3377 muamus
826 3313 939 3398 plures
974 3334 1067 3397 quam
1101 3321 1165 3376 tres
1197 3310 1268 3376 illas
1298 3320 1371 3374 unte

269 3419 401 3506 Equites
432 3420 593 3508 prodiisse
626 3422 659 3486 in
693 3421 809 3486 lucem.
859 3421 974 3486 Nonne
1006 3421 1110 3508 potuit
1135 3421 1371 3506 Aristophanes

267 3529 302 3594 id
335 3529 425 3615 quod
459 3529 640 3617 posteriore
682 3539 829 3617 tempore
866 3552 940 3594 eum
976 3529 1091 3594 fecisse
1130 3539 1252 3594 constat
1293 3529 1373 3594 duas

269 3661 335 3704 uun
365 3659 449 3702 anno
489 3637 612 3706 fabulas
646 3638 819 3704 scribere?
864 3637 946 3702 Cum
978 3638 1062 3702 enim
1090 3636 1144 3703 Ol.
1178 3638 1249 3719 89,1
1281 3637 1372 3724 (424)

267 3755 303 3812 et
341 3741 474 3832 Equites
513 3747 581 3812 eius
624 3757 656 3812 et
697 3746 860 3812 Hclcedes
898 3746 1082 3832 (Bergkius
1114 3769 1146 3832 p.
1181 3747 1262 3810 1114
1297 3746 1373 3830 sq),

269 3855 325 3922 Ol.
351 3854 424 3935 893
455 3855 542 3940 (422)
581 3865 612 3920 et
651 3855 781 3941 Vespae
812 3845 852 3918 ¹et
892 3855 1064 3940 Proagon‚
1107 3856 1241 3918 fortasse
1281 3853 1374 3918 etiam

268 3961 434 4028 secundae
458 3961 578 4042 Nubes,
602 3963 657 4028 Ol.
680 3963 753 4043 91,3
775 3962 867 4048 (414)
893 3964 982 4030 Aves
1007 3971 1038 4025 et
1062 3961 1277 4047 Amphiaraus
1301 3983 1375 4047 pro·

269 4068 408 4149 dieunt,
435 4069 600 4154 quidest,
633 4095 692 4136 cnr
722 4080 897 4136 statuamus
931 4070 1125 4136 iuvenilibus
1157 4070 1278 4135 viribus
1301 4091 1375 4156 ges-

270 4181 403 4246 tientem
436 4200 513 4244 eum
550 4179 655 4245 minos
686 4178 787 4246 finisse
820 4178 1025 4248 fecundum?
1077 4180 1179 4244 Immo
1219 4179 1290 4266 ipsa
1321 4176 1377 4242 ills

272 4283 410 4374 ἑτέροισι
442 4296 588 4370 ποιηταῖς
614 4288 729 4372 plurali
757 4274 893 4354 numero
918 4288 1021 4376 posita
1045 4288 1165 4352 diserte
1191 4297 1376 4369 monstrant,

271 4406 443 4489 antequam
477 4395 547 4480 ipse
568 4396 714 4463 docuerit
733 4397 887 4485 Equites,
924 4421 989 4462 non
1012 4421 1075 4461 unc
1098 4395 1279 4464 Callistrato
1286 4445 1296 4478 ‚
1319 4396 1379 4465 sed

273 4506 423 4595 pluribus
452 4505 650 4571 adiutoribus
677 4530 773 4572 usum
805 4529 877 4572 esse
909 4506 1169 4594 Aristophanem.
1212 4505 1274 4588 Et,
1306 4529 1377 4576 cum
