3317 5484
836 631 877 696 24

290 819 342 886 alii
365 819 504 893 mandat,
526 841 544 881 a
567 839 630 903 qno
654 816 687 881 in
711 837 859 882 scaenam
880 818 1107 900 committatur,
1131 819 1271 885 conferri
1290 829 1396 906 potest

290 953 361 995 cnm
380 927 508 1015 puella,
532 947 615 1012 quae
635 925 789 991 infantem
812 929 851 992 ab
875 925 944 1010 ipsa
963 935 1092 1014 partum
1118 927 1270 1012 exponit,
1297 947 1393 1014 quem

289 1037 351 1103 alia
374 1037 465 1101 tollat
486 1037 676 1122 ednoctqne.
720 1036 813 1117 Quae
834 1036 971 1102 rationes
994 1057 1032 1101 eo
1056 1035 1226 1102 similiores
1249 1038 1391 1119 hrernnt,

291 1169 355 1233 qno
387 1155 419 1210 et
450 1145 555 1210 infans
577 1145 609 1209 in
633 1165 752 1210 nomen
775 1145 844 1210 eius
870 1146 988 1210 cedere
1011 1145 1155 1226 solebat,
1180 1169 1198 1210 a
1221 1165 1284 1232 qno
1306 1155 1394 1211 esset

291 1255 455 1337 sublatus,
495 1263 527 1318 et
556 1255 720 1320 ferebamr
753 1256 786 1318 in
820 1254 957 1342 publicis
992 1254 1191 1320 documentis
1228 1255 1393 1322 comoedia

291 1364 371 1446 eins,
394 1387 412 1428 a
433 1385 496 1450 quo
521 1363 554 1427 in
577 1385 725 1428 scaenam
749 1373 835 1428 osset
858 1363 1037 1428 commissa.

374 1471 495 1541 Similis
515 1473 548 1537 in
571 1471 691 1560 Vespis
722 1472 1067 1538 versuum1016—20
1097 1481 1147 1538 est
1176 1472 1266 1539 ratio.
1310 1473 1390 1540 Nam

290 1581 452 1668 aptissime
481 1583 733 1670 Aristophanes,
770 1603 842 1646 cnm
876 1583 916 1646 de
948 1581 1065 1646 sabulis
1101 1581 1267 1667 loquatur,
1301 1603 1389 1669 quas,

288 1698 458 1777 antequam
479 1692 550 1780 ipse
573 1692 693 1757 docere
714 1691 867 1779 coeperit,
890 1711 950 1778 per
971 1690 1051 1755 alios
1073 1691 1230 1756 commisit
1250 1691 1282 1757 in
1305 1711 1390 1757 scae·

287 1808 373 1882 nam,
395 1800 458 1866 dici
478 1810 585 1887 potest
598 1801 632 1866 in
654 1802 789 1866 aliorum
812 1801 976 1866 ventribus
999 1799 1142 1881 latuisse,
1165 1821 1236 1864 oum
1257 1823 1322 1866 non
1343 1801 1390 1889 ip-

289 1909 365 1990 sins,
389 1909 447 1974 sed
469 1908 599 1973 illorum
620 1908 749 1974 nomina
763 1907 900 1996 publicis
922 1907 1075 1995 inscripta
1095 1907 1158 1972 sint
1179 1907 1389 1976 documentis.

372 2017 463 2082 Haec
478 2025 560 2100 sunt,
576 2039 657 2104 qnae
678 2019 712 2082 in
725 2017 803 2105 ipsis
816 2017 1042 2105 Aristophanis
1062 2016 1178 2083 fabulis
1193 2017 1233 2082 ad
1248 2027 1390 2084 nostram

287 2125 450 2214 pertinent
476 2126 705 2212 quaestionem.
749 2126 843 2208 Quae
865 2125 971 2192 omnia
991 2134 1110 2191 tantum
1135 2129 1226 2194 abest
1244 2134 1281 2191 nt
1301 2128 1390 2192 oblo-
1488 2173 1495 2182 .

287 2245 426 2321 quantur
449 2235 494 2317 ei,
516 2258 610 2322 quam
634 2237 737 2316 statui,
759 2235 947 2314 sententiae,
963 2244 999 2300 ut
1020 2233 1188 2322 insigniter
1204 2237 1234 2300 ei
1253 2237 1390 2302 faveant.

370 2344 408 2408 ln
429 2344 598 2431 Equitibns
620 2344 858 2432 Aristophanes
885 2343 1024 2432 primum
1048 2345 1118 2432 ipse
1140 2344 1228 2408 chori
1250 2344 1389 2411 docendi

286 2453 380 2517 subiit
400 2452 590 2540 periculum.
634 2452 735 2518 (luins
764 2453 813 2517 rei
845 2453 967 2540 duplex
997 2461 1103 2540 potest
1135 2451 1267 2539 cogitari
1296 2453 1386 2520 ratio.

285 2559 435 2627 Fortasse
472 2562 546 2627 satis
582 2562 641 2628 sibi
678 2562 853 2648 profecisse
887 2562 974 2628 visus
1007 2571 1056 2628 est
1086 2561 1118 2626 in
1150 2563 1267 2643 rebus,
1306 2581 1389 2647 quae

286 2669 448 2756 pertinent
469 2672 509 2735 ad
534 2671 666 2736 chorum
691 2671 872 2737 docendum
881 2719 890 2753 ,
924 2670 1091 2757 voluitque
1124 2670 1285 2757 experiri,
1311 2693 1385 2736 num
1437 2675 1441 2680 ’

286 2778 377 2844 etiam
407 2778 482 2843 huic
515 2779 640 2844 muneri
673 2803 733 2867 par
763 2788 857 2846 esset.
899 2783 969 2849 Aut
997 2778 1100 2845 nolult
1132 2778 1297 2864 quisquam
1331 2779 1381 2845 do·

285 2908 360 2952 core
389 2887 603 2970 comoediam,
636 2889 669 2953 in
699 2911 762 2974 qna
795 2889 878 2955 Cleo
910 2897 972 2954 tam
1002 2888 1212 2954 vehementer
1246 2889 1385 2976 exagita-
1444 2959 1446 2968 ,

284 3004 374 3061 retur
384 3044 395 3078 ,
424 2997 613 3084 praesertim
637 3021 707 3062 cnm
726 2996 929 3080 Callistrato,
952 2998 1025 3084 qnia
1047 2997 1245 3084 Babylonios
1269 2997 1385 3064 dectre-

284 3113 349 3184 rat,
383 3104 414 3168 in
446 3127 510 3191 qua
540 3105 650 3170 fabula
682 3104 764 3171 Cleo
786 3106 890 3172 obiter
916 3107 1019 3171 fuerat
1049 3105 1231 3188 lacessitus,
1262 3107 1386 3172 Cleone

285 3221 413 3277 anctore
435 3213 474 3278 lis
496 3222 583 3278 esset
603 3211 723 3279 intenta
743 3214 866 3296 (Schol.
888 3215 984 3302 Vesp⁴
1007 3214 1113 3303 1215),
1137 3223 1178 3295 et,
1201 3223 1235 3280 ut
1257 3215 1386 3281 omnino

284 3331 436 3407 ageretur
475 3321 608 3409 Equites
616 3361 626 3404 ,·
657 3323 718 3412 ipsi
747 3323 959 3412 Aristophani
990 3323 1135 3389 docenda
1173 3326 1231 3390 fuit
1270 3325 1384 3391 labala.

284 3429 364 3494 Tale
377 3429 453 3516 quid
466 3429 535 3494 sine
546 3431 612 3495 ulla
624 3431 822 3497 dubitatione
836 3431 910 3498 olim
924 3431 1075 3517 scriptum
1092 3432 1193 3498 extitit
1206 3433 1239 3498 in
1253 3435 1387 3500 secundi

285 3537 465 3623 argumenti
486 3536 606 3604 ultimis
616 3539 724 3608 verbis
738 3539 881 3627 pessime
898 3539 1047 3606 mutilatis
1061 3549 1155 3627 atquo
1168 3541 1386 3630 interpolatis:

282 3643 381 3727 ,anari
397 3642 454 3719 τὰς
475 3643 664 3725 ὑποσχέσεις
687 3641 742 3710 οὖν
755 3646 941 3730 ἐστρατήγει
960 3646 1072 3731 (Cleo)
1087 3651 1192 3711 κυκῶν
1212 3651 1267 3732 τὴν
1283 3650 1384 3714 πόλιν.

284 3754 336 3838 ἐφ’
361 3746 409 3829 οἷς
429 3753 473 3838 μη
496 3755 630 3839 ἐνιγκῶν
656 3754 898 3841 Ἀριστοφάνης
931 3757 1065 3840 καθιήοι
1094 3756 1128 3821 τὸ
1158 3759 1220 3820 τῶν
1246 3755 1387 3822 Ἱππέων
1441 3751 1443 3758 ’

286 3864 395 3945 δρᾶμα
419 3865 460 3925 δι’
484 3859 599 3942 ramosi,
631 3863 701 3926 ἐπεὶ
721 3864 783 3926 τῶν
811 3869 1008 3928 σκευοποιῶν
1039 3864 1143 3940 οὐδεὶς
1166 3867 1328 3930 ἐπλάσατο
1349 3863 1384 3931 τὸ

284 3972 339 4032 τοῦ
361 3970 512 4045 Κλέωνος
534 3972 705 4055 πρόσωπον
728 3969 781 4035 dari
798 3974 908 4057 φόβον.
931 3974 986 4036 καί
1006 3977 1045 4035 τὰ
1066 3975 1124 4054 μὲν
1148 3976 1258 4056 πρῶτα
1276 3974 1384 4038 κύστει

286 4078 502 4159 φοβούμενος,
528 4071 595 4140 εἶτα
618 4080 795 4167 προφανῶς
814 4079 1089 4158 araegonenses
1106 4079 1140 4144 τὸ
1157 4083 1295 4166 sincipita!
1321 4083 1384 4150 Vbi

283 4185 371 4268 ,iuri
390 4184 452 4248 τῶν
471 4192 668 4252 σκευοποιῶν
689 4188 793 4265 οὐδεὶς
814 4190 974 4254 ἐπλάσατο
997 4189 1098 4254 τὸτοῦ
1115 4191 1262 4266 Κλέωνος
1284 4193 1384 4276 πρόσ-

287 4319 377 4360 ωπον
401 4293 454 4360 διὰ
478 4297 595 4380 φόβον(
626 4301 724 4368 verba
753 4299 909 4366 incalcata
943 4309 1054 4366 sunta
1076 4300 1205 4388 stupido
1226 4323 1384 4388 mamma-

284 4404 367 4486 tico,
403 4404 457 4490 qui
488 4427 553 4470 non
583 4406 742 4473 intellexit
764 4409 898 4492 καθιήσι
921 4410 961 4470 δι’
984 4402 1105 4472 ἑαυτοῦ
1125 4408 1322 4476 locutionem
1344 4409 1386 4476 ad

285 4536 356 4580 cum
381 4515 561 4602 pertinere,
596 4516 650 4602 qni
679 4516 817 4583 fabulam
838 4517 872 4581 in
893 4541 1038 4584 scaenam
1061 4519 1289 4600 committeret,
1324 4517 1383 4586 sed
