3317 5484
856 581 898 646 32

329 762 437 847 vaist)

503 869 520 932 ό
543 871 578 933 oa
601 876 676 944 παῖς
695 868 786 938 ἔνδον
807 868 863 946 τός
887 870 1100 956 ἀλεκτρηόνοις
1123 876 1244 950 σοβεῖ.“

330 976 413 1042 Cum
431 978 545 1062 quibus
558 998 691 1062 prorsus
714 978 924 1060 consentiunt,
949 999 1029 1064 quau
1054 1001 1094 1044 ex
1109 979 1332 1066 Aristophanis
1343 979 1435 1046 Dae·

328 1085 403 1150 ‹lalo
429 1085 535 1150 adfert
564 1085 749 1155 Athenaeus
771 1085 840 1169 IX,
872 1088 979 1157 374b:
1009 1089 1081 1170 ,καί
1116 1089 1307 1170 Θεόπομπος
1340 1090 1369 1152 δ’
1398 1089 1435 1152 ἐν

328 1190 448 1276 Εἰρήνη
473 1191 527 1256 ἀπό
551 1196 605 1275 τῆς
626 1195 758 1277 θηλείας
780 1194 869 1271 ἔταξε
894 1195 947 1258 τόν
973 1192 1166 1280 ἀλεκτρυόνα
1190 1197 1289 1280 λέγων
1313 1191 1431 1274 οὕτως·

875 1301 1020 1386 ἄχθομαι
1043 1307 1072 1370 δ’
1096 1303 1304 1380 ἀπολονλιιαός

663 1411 857 1495 ἀλεκτρυόνα
878 1418 1047 1478 τίκτουσαν
1070 1412 1118 1500 ηάἀ
1142 1415 1300 1498 πάμκαλα,
1401 1477 1406 1488 ,

330 1520 386 1586 aas
406 1519 640 1604 Ἀριστοφάνης
659 1523 830 1605 Δαιδάλῳ·

658 1627 722 1715 qius
745 1629 895 1713 μέγιστον
915 1629 1036 1696 τέτοκεν
1059 1628 1101 1706 οἷς
1126 1628 1307 1712 ἀλεκτρυών

332 1739 387 1804 καὶ
405 1739 499 1810 πόλιν

786 1851 903 1918 πολλαί
924 1854 985 1914 τοῖν
1008 1850 1228 1933 ἀλεκτρυόνων
1248 1850 1305 1936 βόρι

674 1954 833 2040 όπηνέμια
856 1959 1013 2024 τίκτουσιν
1034 1956 1082 2044 qia
1105 1958 1263 2032 πολλάκις.

331 2067 423 2149 Quae
441 2091 513 2133 oum
524 2091 657 2154 prorsus
670 2068 819 2134 viderent
835 2070 919 2136 inter
933 2091 968 2134 ss
984 2087 1137 2154 congrus,
1158 2067 1435 2135 fidemhabebant

331 2176 391 2242 riri
418 2176 503 2242 docti
533 2176 693 2246 Clementi
722 2176 947 2245 Alexandrino
977 2186 1011 2242 et
1034 2178 1131 2245 moda
1162 2175 1327 2244 Platonem
1358 2176 1433 2239 surh

328 2294 557 2351 accusaverunt
578 2285 756 2371 (Borglius
776 2295 944 2353 comment.
960 2286 1074 2372 p.421,
1097 2284 1130 2350 in
1143 2284 1296 2352 Meinokii
1315 2284 1433 2372 fragm.
1533 2295 1534 2306 ¹

333 2417 412 2459 com.
433 2393 475 2477 ΙΙ,
496 2394 517 2458 2
536 2417 568 2481 p.
584 2395 698 2478 1014),
731 2395 829 2459 modo
861 2415 926 2482 non
956 2395 1025 2460 ausi
1053 2403 1128 2462 suut
1151 2392 1334 2475 diudioara,
1361 2403 1434 2460 uter

331 2511 438 2569 utrum
460 2502 635 2588 expilasset
667 2501 857 2587 (Meinekius
879 2504 993 2588 fragm.
1016 2525 1042 2567 a.
1063 2501 1105 2584 ΙΙ,
1128 2503 1148 2570 2
1169 2525 1201 2588 p.
1216 2503 1302 2585 620).
1354 2501 1430 2583 Quis

329 2630 409 2675 vero
432 2611 542 2678 eredat
570 2611 775 2676 nobilissimis
805 2611 910 2700 poetis
932 2611 1013 2680 ades
1050 2611 1213 2679 exaruisse
1236 2633 1370 2693 venam,
1396 2619 1430 2679 ut
1482 2621 1486 2626 ’
1534 2655 1535 2668 ,

331 2726 395 2784 tam
413 2721 516 2785 tritam
547 2721 735 2786 sententiam
759 2721 896 2802 „multae
924 2721 1065 2805 gallinae
1095 2740 1156 2787 ova
1175 2719 1263 2789 irrita
1287 2721 1428 2805 μἰιοιίτιιῐ(ί

328 2830 391 2917 ipsi
412 2829 557 2896 invenire
573 2853 643 2896 non
664 2829 851 2917 potuerint?
874 2829 947 2896 Hos
969 2829 1354 2916 profestoAttioispoetis
1367 2837 1429 2898 tam

330 2952 379 3006 est
400 2941 581 3026 indignum,
603 2949 638 3004 ut
655 2941 750 3006 aliter
768 2963 960 3009 eonsensum
982 2939 1111 3006 illorum
1132 2939 1433 3025 apudAthaenaum

331 3062 364 3117 et
383 3052 468 3138 apud
504 3051 705 3117 scholiastam
728 3073 881 3117 versuum
909 3049 1135 3135 explicandum
1165 3071 1236 3116 esse
1267 3048 1433 3132 adpareat.

330 3161 431 3242 Nam,
455 3161 542 3246 quod
563 3161 697 3224 sortasse
718 3160 878 3247 quispiam
902 3159 1004 3244 possit
1024 3158 1190 3240 conicere,
1220 3160 1273 3244 qui
1297 3157 1329 3222 in
1353 3156 1433 3223 alte—

330 3270 397 3337 rins
417 3270 525 3335 fabula
546 3269 655 3355 scripti
678 3269 807 3350 fuerint,
830 3289 953 3347 versus,
976 3276 1011 3332 nt
1032 3266 1271 3352 sugillarentur‚
1296 3285 1435 3338 comme-

331 3496 416 3550 Suida
442 3498 478 3563 (v.
505 3495 686 3569 ὑπηνέμια)...
703 3493 826 3550 Cobatus
849 3496 880 3548 in
903 3495 976 3550 obss.
1001 3495 1074 3550 orit.⁴
1088 3494 1117 3550 in
1137 3492 1262 3551 Platonis
1286 3493 1334 3549 rel.
1354 3509 1381 3561 p.
1398 3492 1433 3548 81
1535 3577 1536 3582 ρ

330 3592 417 3650 ἐνίοτε
436 3591 475 3670 Ιιιι1
501 3592 669 3656 scholiastae
691 3592 778 3652 rerba
805 3591 894 3649 refert
911 3590 1062 3660 statuitque
1088 3591 1169 3659 ,,βίρ“
1195 3606 1230 3642 ex
1253 3587 1373 3656 repetita
1395 3587 1438 3640 ul-

329 3687 399 3758 tima
417 3683 557 3760 ὑπηνέμια
577 3687 655 3742 voois
674 3685 780 3756 syllaba
799 3690 891 3740 ortum
912 3703 985 3754 esse,
1012 3689 1044 3738 ut
1064 3701 1160 3738 versus
1180 3683 1219 3738 sio
1238 3683 1304 3736 olim
1321 3697 1435 3750 proees-

329 3781 431 3834 serint:

534 3919 538 3929 .
557 3920 562 3929 .
581 3919 586 3931 .
606 3919 610 3928 .
630 3879 728 3930 πολλοὶ
748 3878 802 3931 τῶν
819 3871 1005 3947 ἀλεκτρυόνων
1023 3870 1122 3946 (μόναι)

467 4018 490 4046 ,=
528 3968 667 4044 ὑπηνέμια
685 3976 821 4025 τίκτουσιν
839 3967 879 4041 ᾠόι
899 3965 1034 4030 πολλάκις.

333 4067 402 4120 Mihi
419 4067 450 4120 in
467 4067 653 4136 tampsrvolo
668 4067 836 4136 fragmento,
856 4067 890 4120 de
910 4067 987 4122 cuius
1004 4083 1079 4120 nexu
1096 4063 1288 4132 sententiaque
1306 4063 1352 4116 vix
1369 4079 1435 4132 pos-

332 4162 370 4215 sit
387 4161 521 4230 iudioari,
540 4163 671 4217 audacior
687 4162 799 4217 videtur
817 4163 887 4217 haeo
906 4163 993 4228 ratio,
1022 4160 1186 4232 praesertim
1205 4177 1267 4213 oum
1286 4164 1332 4228 βίᾳ
1347 4173 1435 4212 -νοοιι-

332 4257 387 4310 lam
404 4275 459 4312 uno
480 4275 529 4312 ore
546 4259 714 4326 Athenaeus,
732 4257 857 4326 Photius,
876 4257 975 4313 Suidas
992 4261 1141 4312 testentur.

407 4355 449 4424 13)
468 4358 514 4409 κοιλ
531 4356 664 4422 voculam,
683 4373 752 4425 quae
773 4356 920 4424 legebatur
937 4360 1001 4410 ante
1020 4353 1146 4426 ιὐτηνεμιι
1166 4353 1215 4422 (sio
1235 4350 1334 4418 oodd.),
1354 4353 1432 4402 recte

332 4451 385 4504 huo
403 4453 574 4522 transposuit
594 4453 775 4506 Hermannus.
