3317 5484
826 559 848 622 8

287 747 363 813 bant
384 745 440 812 vel
458 745 516 810 filii
539 746 593 811 vel
614 744 668 810 alii
691 767 805 812 eornm
825 746 1056 834 consanguinei
1078 748 1112 812 in
1133 767 1280 812 soasuem
1303 769 1389 812 oom-

286 855 423 922 mittere.
462 855 531 920 lam
552 854 720 943 Euphorio
751 855 858 940 (Suid.
880 881 911 920 v.
935 854 1123 943 Edtpops'sor)
1145 859 1227 938 ,rote
1246 855 1304 918 aori
1325 877 1389 918 no·

287 961 362 1046 apta
387 961 568 1044 Αἰσχύλου,
592 955 640 1037 οἷς
658 963 756 1045 μήπω
769 958 812 1046 ἦν
837 965 1083 1046 ἐπιδειξάμενος,
1106 963 1247 1044 τετράκις
1271 962 1388 1028 darhoss

288 1073 380 1155 Quae
403 1073 522 1138 diserte
543 1082 805 1141 mononem-mo
826 1074 1049 1160 Aeschylum,
1072 1073 1132 1138 sed
1149 1072 1389 1160 Euphorionem

290 1179 449 1268 Aeschyli
472 1171 634 1246 'dramatis
666 1191 840 1249 certantem
873 1183 1026 1248 victorem
1060 1203 1133 1251 osse
1163 1191 1390 1269 nuncupatum.

289 1290 355 1371 Qui
376 1313 449 1356 cum
469 1290 571 1355 vietor
589 1299 676 1355 esset
691 1295 906 1377 nuncupatus,
920 1290 1013 1356 etiam
1029 1289 1251 1356 huiusuomen
1263 1298 1391 1376 hagae·

289 1399 349 1465 diis
369 1397 433 1462 illis
453 1397 487 1462 iu
510 1397 648 1485 publicis
669 1397 871 1464 documentis
888 1396 1075 1485 inscriptum
1097 1417 1169 1464 osse
1191 1395 1259 1462 veri
1282 1396 1391 1464 simile

289 1517 347 1574 est
382 1506 420 1572 ld
437 1507 527 1593 quod
543 1504 755 1572 cmfiadmum
777 1506 815 1570 fit
836 1527 877 1573 ex
895 1505 1116 1572 alio-eiusdem
1131 1504 1262 1590 genem
1277 1512 1386 1570 entm-

290 1616 355 1704 plo.
399 1615 525 1702 Iophon
551 1613 636 1679 enhn
668 1614 772 1698 (Soid.
795 1639 825 1679 v.
845 1613 976 1702 Ἰοφῶν)
1000 1622 1075 1701 post
1093 1611 1270 1701 Sophoclis
1290 1612 1390 1700 petis

287 1735 423 1792 mortem
455 1726 639 1812 complores
671 1724 741 1789 eius
768 1724 876 1790 docuit
904 1723 1105 1810 tragoedias,
1135 1724 1177 1788 de
1198 1743 1262 1809 qua
1282 1745 1320 1788 re
1344 1723 1388 1788 ita

288 1835 440 1924 seriptum
459 1844 507 1899 est
519 1835 560 1898 -in
581 1833 704 1900 scholio
722 1835 764 1900 ad
774 1835 997 1922 Aristophanis
1008 1835 1112 1900 Reuss
1130 1833 1191 1897 78:
1217 1831 1273 1915 ,od
1288 1830 1387 1913 μόνον

288 1945 342 2008 ἐπὶ
360 1945 406 2028 τῷ
427 1951 498 2018 ταῖς
517 1945 575 2004 τοῦ
595 1942 716 2025 πατρὸς
747 1945 943 2028 τραγῳδίαις
973 1943 1299 2026 ἐπιγράφεσθαι
1324 1963 1387 2002 κω-

294 2057 460 2140 μῳδεῖται,
478 2053 546 2116 daa’
567 2053 623 2117 aaa*
641 2056 688 2136 trgi
707 2053 762 2117 καὶ
780 2051 911 2133 ψυχρὸς
930 2053 987 2117 καὶ
999 2051 1144 2134 μαλακός
1159 2045 1269 2115 siret!
1290 2051 1385 2132 Quae

289 2165 472 2231 certissime
496 2165 669 2230 ostendunt
696 2164 880 2250 tragoedias
910 2164 982 2229 illas
1003 2163 1167 2251 lophontls
1188 2161 1318 2228 nomine
1350 2159 1384 2224 iu

287 2296 432 2340 scaenam
454 2272 555 2338 fuisse
569 2273 751 2338 commissas
768 2283 800 2336 et
812 2273 986 2360 lophoutis,
1002 2294 1067 2338 nou
1082 2271 1253 2359 Sophoclis
1267 2291 1386 2354 nomen

286 2381 423 2468 publicis
455 2380 654 2447 documentis
681 2379 832 2445 traditum
868 2403 949 2446 esse.
996 2380 1130 2446 Praeter·
1151 2379 1280 2467 publico
1301 2377 1386 2444 enim
1466 2376 1469 2380 ’

289 2490 480 2556 documenta
501 2510 566 2552 non
589 2497 637 2552 est
660 2510 723 2573 quo
745 2489 905 2552 referatur
925 2487 1006 2552 illud
1025 2485 1275 2570 ἐπιγράφεσθαι.
1305 2485 1387 2552 Nam

287 2599 350 2666 hoo
382 2620 443 2688 per
480 2620 518 2664 se
552 2597 654 2684 liquet
686 2597 719 2663 in
740 2598 999 2686 exemplaribus,
1039 2618 1120 2684 quae
1153 2623 1171 2662 a
1204 2597 1388 2686 bibliopolis

288 2708 527 2788 vendebantur,
563 2706 735 2794 Sophoclis
764 2728 883 2774 nomen
910 2707 1094 2794 inscriptum
1118 2705 1218 2774 fuisse
1239 2705 1303 2772 illia
1326 2715 1383 2772 tra·

289 2817 427 2904 goediis,
448 2839 514 2882 nou
536 2817 716 2904 lophontis.

374 2926 637 2992 Demonstratam
666 2942 713 2991 eat
745 2931 859 3014 a'pe'tar,
896 2949 967 2991 oum
992 2940 1195 2992 mortuoram
1219 2939 1390 3012 poetaram

281 3035 423 3122 fabulae
445 3036 652 3116 docerentur,
682 3059 749 3098 aaa
769 3049 957 3121 poetaram,
992 3034 1051 3098 sed
1076 3055 1202 3113 eoram,
1232 3059 1254 3099 a
1274 3031 1385 3124 pathas

290 3144 404 3209 doctae
426 3157 530 3209 essent
552 3144 713 3229 fabulae,
747 3149 879 3210 nomiae
900 3142 1094 3232 depublicet
1118 3145 1317 3210 documentis
1338 3145 1385 3207 ia·

289 3253 392 3349 scribi
411 3278 478 3318 esse
501 3253 609 3318 solita
644 3252 744 3319 Cuius
755 3253 854 3319 moris
868 3251 1041 3318 similitudo
1057 3253 1118 3320 iam
1139 3253 1277 3340 quodam
1292 3247 1388 3317 modo

291 3361 420 3442 evincit,
455 3385 527 3447 oum
559 3363 704 3428 vivorum
737 3370 903 3449 poetarum
934 3362 1059 3428 fabulae
1080 3387 1098 3426 a
1119 3362 1205 3430 chori
1232 3359 1390 3456 magistris

288 3518 389 3568 terent.
427 3515 561 3581 Accedit,
587 3516 661 3584 quod
695 3531 764 3584 qnae
788 3515 843 3568 duo
869 3515 950 3568 huius
969 3517 1079 3585 generis
1100 3519 1176 3571 certa
1195 3518 1293 3570 extant
1309 3513 1387 3568 testi·

289 3609 382 3663 monia
398 3608 548 3662 adfirmant
565 3614 631 3678 post
648 3613 794 3678 poetaram
811 3612 931 3663 mortem
950 3609 1060 3663 demum
1078 3611 1184 3664 fabulas
1202 3626 1263 3663 esse
1284 3608 1389 3662 doctae:

290 3709 397 3760 Mortuo
415 3704 490 3758 enim
507 3704 644 3774 Sophocle
664 3703 704 3757 01.
724 3705 786 3773 943
803 3704 877 3774 (401)
900 3718 987 3774 nepos
1011 3705 1183 3776 cognominis
1207 3703 1253 3756 avi
1272 3702 1390 3771 Oedipo·

290 3801 354 3854 dem
372 3800 522 3853 Coloneum
540 3800 619 3852 dedit
635 3800 666 3853 in
689 3807 817 3854 emonam
839 3801 875 3870 (v.
896 3800 1107 3870 argumentum).
1144 3799 1215 3852 Item
1239 3797 1390 3867 Ehiripidts

290 3895 433 3964 Euripidis
450 3894 523 3948 filius
540 3907 727 3966 postmortem
747 3902 836 3968 patris
855 3897 1028 3966 Iphigeniam
1046 3895 1235 3962 hulmensem,
1246 3894 1390 3948 Alcmaeo*

290 4006 363 4056 nem,
382 3989 504 4044 Bacchas
522 3991 618 4045 docuit
633 3991 735 4061 (Schol.
755 3992 841 4045 Arist.
862 3992 932 4045 Ran.
951 3993 996 4058 67,
1013 3991 1050 4046 ol.
1087 3995 1169 4061 γένος
1186 3987 1250 4062 Erip.
1271 3993 1391 4056 scalptos

291 4102 318 4154 p.
338 4086 391 4139 134
408 4103 434 4139 u.
452 4086 506 4155 28).
534 4086 631 4155 ltaque
650 4087 770 4157 Bergkio
790 4092 874 4156 atque
887 4087 995 4141 Rankio
1013 4103 1099 4140 unum
1116 4090 1245 4151 restaret,
1264 4099 1319 4153 quo
1332 4082 1390 4152 opi·

290 4179 402 4233 nionem
429 4180 623 4251 defenderent,
657 4184 732 4237 Pluti
761 4187 955 4253 argumentum
981 4187 1118 4251 quartum.
1163 4181 1203 4234 At
1235 4197 1304 4250 quae
1332 4178 1391 4233 illio

291 4267 397 4345 scripta
414 4279 527 4345 extant,
546 4296 580 4332 ex
598 4279 845 4349 grammaticorum
864 4277 1012 4332 oscitantia
1030 4275 1183 4330 derivanda
1200 4293 1260 4330 esse
1278 4289 1391 4342 remque

288 4373 378 4442 ipsam
395 4374 479 4442 longe
496 4374 579 4428 aliter
597 4391 626 4428 se
644 4375 771 4429 habuisse
788 4375 995 4428 demonstrasse
1015 4372 1083 4426 mihi
1100 4371 1175 4426 visus
1195 4387 1256 4426 sum
1267 4368 1386 4424 inhuius

292 4469 495 4527 dissertationis
512 4487 541 4540 p.
559 4473 600 4526 27.
