3317 5484
804 639 846 706 25

269 817 459 891 histrionem
488 825 531 890 ita
560 826 731 912 significari
760 825 904 891 credidit.
949 825 1022 907 Qua
1041 819 1371 912 interpolationelorss

268 943 357 998 tasse
378 942 536 1000 semotum
559 944 609 999 est
628 926 841 1014 enuntiatum,
880 925 945 1020 quo
973 930 1125 1021 seriptum
1148 925 1371 998 axuttvremiss

270 1062 346 1108 nem
368 1041 534 1129 suscipere
555 1035 697 1110 voluisse
722 1043 850 1111 fabulae
881 1042 969 1108 illias
999 1041 1165 1108 docendae
1195 1037 1371 1128 negotium.

269 1151 347 1233 Quo
377 1170 506 1237 genem
534 1152 737 1240 corruptelae
765 1152 798 1216 iu
825 1150 877 1216 his
906 1145 1106 1238 'argumentis
1132 1146 1210 1216 nihil
1239 1157 1289 1216 est
1308 1148 1372 1214 usi·

270 1251 375 1318 tatius.
1093 1253 1103 1302 ἶ
1140 1301 1144 1308 .
1223 1287 1231 1297 -
1362 1281 1364 1288 ·

354 1354 401 1419 At
417 1352 557 1418 manime
578 1353 694 1418 amram
718 1352 801 1420 illud
813 1354 951 1418 fortnsse
962 1352 1134 1434 ridebitur,
1145 1352 1232 1439 quod
1248 1351 1371 1419 Aristo·

269 1465 410 1550 phanes,
443 1471 611 1550 postquam
639 1461 773 1549 Equites
798 1462 921 1544 fabula,
950 1485 1045 1549 quam
1066 1462 1200 1547 primani
1220 1461 1292 1548 ipse
1313 1459 1372 1528 do·

268 1581 390 1654 onerat,
399 1579 568 1658 tantopere
578 1571 707 1658 placuit,
724 1571 827 1637 statim
851 1571 945 1637 desiit
963 1572 1096 1637 chorum
1113 1570 1368 1658 ipseinstruere.

266 1681 382 1748 Nubes
413 1681 483 1767 quis
512 1680 546 1745 in
574 1701 722 1746 scaenam
760 1679 972 1761 commiserit,
1004 1680 1201 1764 ignoremus.
1245 1678 1370 1750 Verum

268 1792 395 1878 Vespas
420 1798 451 1854 et
472 1789 645 1876 Paoagona
665 1792 863 1877 (Vesparum
887 1811 956 1876 arg.
976 1788 1007 1873 I)
1036 1789 1144 1855 docuit
1171 1786 1369 1860 Rhitosidsa,

251 1901 345 1989 lpse
366 1901 486 1965 iterum
508 1901 589 1966 duas
607 1901 708 1966 Paees
732 1907 816 1987 (arg.
837 1899 917 1980 ΙΙΙ),
939 1900 1029 1966 Aves
1054 1897 1252 1965 Ostiensem
1263 1944 1273 1978 ,
1297 1891 1370 1971 Rhi-

270 2010 398 2076 lonides
409 2009 641 2102 Amphiaraum
664 2007 797 2091 (Avium
816 2029 885 2093 arg.
901 2007 956 2091 ll),
979 2005 1185 2093 Lysistratsm
1206 2003 1367 2072 Callistus

267 2131 319 2184 tus
339 2123 372 2183 in
394 2141 545 2184 scaenam
565 2117 663 2184 dedit
709 2117 763 2182 De
776 2115 1118 2203 Thesmophoriesusis
1137 2137 1191 2180 res
1206 2135 1272 2180 nou
1295 2123 1367 2184 oon·

270 2238 340 2293 stat.
367 2229 473 2294 &aas
496 2225 684 2292 Philonides
705 2225 821 2290 docuit.
860 2223 1098 2291 Esolssiaeusas
1121 2224 1191 2311 quis
1215 2223 1370 2305 docuerit,

267 2361 333 2403 non
355 2347 404 2403 est
421 2336 583 2402 traditum.
617 2336 748 2401 Plutum
769 2335 840 2422 ipse
864 2335 973 2400 docuit
990 2335 1248 2421 Aristophanes,·
1266 2331 1370 2400 Oooc-

268 2448 336 2514 lum
354 2456 402 2511 ·et
432 2446 682 2512 Aeolosioonem
710 2444 841 2510 maroti
869 2443 936 2508 filio
965 2444 1054 2509 dedit
1085 2443 1249 2514 demutas
1270 2441 1369 2525 (eluti

271 2577 340 2640 arg.
360 2554 434 2638 IV).
474 2554 545 2621 Nee
564 2554 715 2619 abhorret
736 2553 842 2617 everi
863 2552 1090 2633 similitudine,
1121 2575 1193 2617 oum
1215 2551 1371 2638 plurimas

272 2663 423 2728 traditum
450 2665 491 2728 sit
511 2663 635 2730 fabulas
658 2664 697 2728 ab
725 2662 797 2727 aliis
823 2661 938 2728 doctas
962 2665 1034 2728 es'se
1061 2661 1154 2727 etiam
1180 2667 1306 2742 earum,
1330 2661 1371 2726 de

268 2773 385 2861 quihus
407 2774 486 2840 nihil
511 2778 614 2841 femur
632 2777 835 2858 huiusmodi,
872 2777 1056 2866 complures
1084 2782 1124 2846 ab
1153 2777 1371 2867 Aristophane

270 2883 340 2949 allis
367 2884 469 2948 fuisse
497 2885 688 2951 commissas
734 2886 800 2952 Iam
828 2895 878 2952 est
909 2887 1146 2972 quaerendum,
1178 2887 1289 2974 quales
1314 2909 1370 2975 po.-

265 2992 425 3061 tissimum
467 2994 540 3080 ipse
576 2994 720 3061 docuerit
754 2996 954 3080 comoedias,
991 2997 1103 3083 quales
1137 2995 1218 3062 elios
1253 2996 1372 3064 docere

267 3105 406 3171 iusserit.
452 3104 552 3172 Gaius
580 3107 628 3171 rei
661 3107 738 3172 rah'o
767 3107 799 3171 in
825 3107 968 3194 ipsarum
987 3109 1166 3173 ‘fabularum
1191 3107 1301 3172 indole
1324 3116 1372 3174 est

267 3218 460 3298 quassastis.
490 3215 662 3282 Neminem
686 3217 772 3283 enim
795 3215 899 3304 fugiet
920 3217 1099 3283 differentia
1120 3237 1202 3304 quae
1223 3225 1272 3281 est
1288 3216 1372 3282 inter

268 3341 337 3403 eas,
362 3345 438 3410 quas
467 3325 538 3412 ipse
558 3324 792 3412 Aristophanes
817 3323 940 3406 docuit,
972 3335 1067 3412 atque
1097 3345 1168 3408 eas,
1199 3343 1282 3411 quas
1302 3325 1371 3392 aliis

266 3433 427 3499 docendas
448 3433 620 3498 mandavit
664 3435 706 3499 Ni
736 3435 851 3498 mirum
876 3434 996 3516 ineis,
1032 3455 1111 3520 quas
1131 3435 1202 3522 ipse
1229 3437 1263 3504 ia
1284 3455 1370 3501 scae-

266 3561 338 3607 nam
360 3539 450 3608 dedit
472 3583 510 3594 -
535 3543 642 3630 quoad
667 3566 687 3606 a
706 3542 799 3608 nobis
823 3542 1004 3608 dotalibus
1033 3545 1130 3610 rebus
1157 3552 1263 3631 potest
1285 3528 1370 3612 iudi-

265 3652 348 3733 cari,
374 3691 411 3704 -ν
449 3653 565 3717 chorus
596 3653 670 3717 satis
700 3652 793 3717 facile
820 3651 929 3717 doceri
963 3653 1082 3740 potuit,
1119 3652 1279 3719 difficilior
1312 3654 1371 3719 fuit

263 3761 417 3827 instruatu
438 3762 472 3826 iu
494 3761 558 3843 eis,
586 3783 668 3848 quse
691 3763 731 3827 ab
750 3760 819 3826 aliis
846 3770 919 3826 sunt
941 3761 1065 3827 doctae,
1110 3761 1191 3828 Nam
1212 3763 1370 3848 usquein

264 3869 433 3956 Equitihus
461 3892 569 3957 neque
600 3872 635 3936 in
665 3871 766 3952 Pace,
801 3867 992 3958 praesertim
1020 3895 1092 3942 oum
1122 3872 1248 3958 Vespas
1274 3881 1369 3959 atque

264 3979 354 4044 Aves
384 3979 416 4042 in
447 3981 716 4067 comparationem
749 3979 932 4061 vocaveris,
966 3973 1154 4046 artificiosae
1190 3979 1243 4044 vel
1276 3981 1368 4046 salta·

262 4086 364 4152 tiones
396 4089 447 4153 vel
479 4089 640 4156 melodiae
673 4090 817 4156 extitisse
844 4092 1004 4156 videntur.
1051 4089 1088 4154 Iu
1109 4090 1204 4155 Pluto
1226 4087 1368 4174 denique

262 4196 436 4263 admodum
458 4199 601 4286 exiguae
621 4199 710 4265 chori
731 4209 805 4264 sunt
824 4209 934 4287 partes
956 4209 987 4264 et
1005 4219 1112 4286 neque
1126 4197 1245 4266 saltatio
1261 4215 1366 4285 neque

263 4318 371 4374 cantis
396 4310 502 4374 locum
535 4299 653 4390 hahet'j
672 4309 725 4396 qui
757 4308 889 4396 negotia
911 4309 1073 4374 facessere
1096 4308 1258 4396 potuerint
1279 4307 1367 4374 chori

261 4416 425 4504 magistro.
467 4415 585 4505 Longe
608 4418 670 4483 alia
690 4419 770 4483 ratio
791 4418 852 4483 fuit
868 4418 1058 4505 ·Vesparum
1083 4417 1287 4504 Avium'que,
1318 4425 1365 4480 ut·

261 4535 338 4612 pots
360 4525 391 4590 in
415 4527 531 4613 quibus
555 4527 669 4594 tabulis
692 4528 808 4594 chorus
832 4526 901 4593 siue
921 4525 1020 4594 dubio
1041 4525 1248 4600 difficillimus
1270 4527 1367 4593 luerit
