3317 5484
796 625 833 688 11

262 834 292 874 v.
314 809 355 874 84
376 809 468 874 acue
491 808 695 893 Weaterm.),
726 811 779 896 qui
798 813 839 876 ab
861 811 1027 876 hominum
1047 809 1197 876 societate
1219 817 1361 874 remotus

262 919 295 983 in
333 926 424 982 antro
457 917 633 986 Salaminio
662 917 752 984 solus
789 917 901 984 studiis
918 939 1066 1006 operam
1101 917 1230 984 dedisse
1260 917 1361 984 fertur

264 1032 311 1112 (p.
325 1027 384 1091 137
408 1050 439 1089 r.
452 1024 519 1111 81).
562 1025 645 1092 Oum
667 1047 746 1093 vero
767 1034 890 1092 constet
911 1047 1035 1092 morem
1056 1026 1163 1108 illum,
1197 1045 1260 1111 quo
1282 1043 1360 1111 poe·

262 1147 315 1200 tae
345 1135 468 1200 fabulas
500 1134 590 1200 chori
619 1134 779 1220 magistris
801 1135 962 1202 docendas
992 1135 1124 1216 darent,
1153 1133 1256 1220 prima
1286 1131 1361 1198 belli
1471 1172 1476 1178 -

265 1242 528 1332 Psioponnesiaci
548 1253 759 1330 parterarum
781 1253 877 1329 atquc
894 1243 1055 1312 insolitum
1078 1243 1176 1310 fuisse
1199 1244 1242 1329 (νᾲ
1266 1261 1360 1327 quae·

265 1351 375 1418 ationis
412 1360 540 1417 nostrae
581 1375 613 1439 p.
633 1353 689 1437 28)
730 1352 799 1417 veri
839 1351 944 1418 simile
978 1357 1026 1416 eut
1060 1350 1248 1438 Euripidem
1283 1369 1361 1436 quu-

268 1483 331 1547 que
359 1483 433 1526 raro
468 1461 532 1526 iilis
566 1461 655 1526 anuis
678 1461 771 1526 chori
803 1460 1010 1548 magistorum
1044 1480 1142 1549 opera
1163 1481 1255 1528 rusum
1280 1479 1361 1527 esse.

265 1570 346 1637 Nam
374 1571 437 1636 hoc
468 1579 591 1638 certum
621 1580 671 1635 est
699 1570 752 1635 vel
781 1579 856 1658 post
881 1569 1069 1658 Euripidem
1103 1569 1201 1635 inisse
1239 1577 1360 1656 poetas,

265 1679 320 1766 qui
340 1679 401 1766 ipsi
426 1679 580 1744 docerent
598 1679 725 1744 choros.
776 1680 840 1761 Qui
874 1679 957 1744 enim
986 1677 1142 1765 Euripide
1172 1677 1275 1744 minor
1301 1676 1362 1742 fuit

265 1798 339 1853 natu
359 1789 491 1874 Agatho
520 1789 591 1875 ipae
623 1789 755 1854 chorum
784 1788 947 1852 instruere
960 1786 1094 1852 solebat
1115 1795 1146 1852 et
1167 1787 1361 1872 fungebatur

264 1897 299 1962 in
317 1896 433 1964 fabulis
454 1896 520 1962 suis
550 1898 646 1964 modo
682 1897 876 1984 coryphaei,
910 1895 1007 1962 modo
1036 1895 1200 1962 histrionis
1222 1914 1359 1962 munere

267 2005 372 2093 (said.
385 2031 414 2071 v.
424 2005 578 2094 χορικίς).
621 2008 734 2072 Partes
756 2009 801 2071 ab.
808 2005 965 2093 Euripide
980 2016 1062 2071 actas
1079 2027 1151 2072 osse
1174 2029 1239 2072 non
1253 2005 1361 2072 credo.

265 2116 347 2182 Nam
378 2125 410 2179 et
431 2115 613 2182 inusitatum
648 2124 716 2182 erut
741 2115 798 2181 illc
827 2119 974 2202 tempore
1003 2115 1164 2180 histrionis
1194 2137 1311 2180 munus
1342 2139 1360 2180 a

263 2232 359 2311 poeta
380 2224 499 2312 suscipi
522 2233 553 2289 et
576 2223 706 2290 minime
729 2223 863 2310 quadrat
884 2223 1023 2289 officium
1053 2223 1136 2288 illud
1156 2223 1190 2288 in
1213 2223 1362 2288 umbrati·

264 2355 336 2398 cum
358 2332 522 2397 hominem
543 2332 645 2417 qualis
666 2331 726 2395 fuit
747 2330 929 2416 Euripides.
958 2383 962 2390 .
983 2331 1098 2417 Neque
1121 2331 1250 2412 dubito,
1273 2331 1362 2416 quin,

262 2443 290 2508 si
312 2449 399 2507 actor
424 2439 591 2521 extitisset,
614 2439 739 2526 aliquae
758 2441 791 2504 iu
811 2441 894 2505 hanc
914 2431 983 2506 rem
1003 2449 1184 2528 spectarent
1196 2449 1363 2528 poetarum

264 2549 461 2616 comicorum
480 2548 708 2631 cavillationes,
733 2550 787 2634 qui
808 2550 930 2614 nullam
953 2549 1054 2614 victus
1075 2549 1244 2635 cultusque
1267 2548 1361 2614 Euri·

268 2657 357 2745 pidei
378 2666 499 2745 partem
529 2659 676 2725 intactam
694 2657 903 2744 reliquerunt.
947 2658 1086 2723 Platonis
1106 2667 1206 2722 aetate
1229 2680 1362 2748 magno

263 2789 343 2855 pere
365 2767 498 2833 invaluit
519 2791 589 2834 moa
609 2768 698 2833 chori
719 2769 947 2854 magistrorum
970 2787 1069 2854 opera
1090 2767 1210 2832 utendi.
1244 2767 1360 2853 Neque

267 2876 396 2941 omniuo
417 2875 476 2940 sibi
497 2875 620 2962 fingere
643 2885 818 2964 potueruut
844 2876 947 2941 animo
974 2885 1103 2964 poetam
1133 2876 1311 2942 seiunctum
1341 2899 1359 2940 a

265 2981 354 3049 chori
372 2981 541 3068 magistro:
570 2983 727 3070 siquidem
747 2983 838 3050 Plato
864 2984 897 3048 in
918 2983 999 3050 Ione
1028 2984 1157 3070 dialogo
1189 2985 1234 3071 (p.
1248 2983 1311 3049 536
1325 2985 1357 3069 a)

265 3088 415 3174 δομοθδν
433 3090 604 3173 πάμπολυν
622 3081 787 3176 ’χορευτῶν
800 3115 833 3156 aa
847 3094 902 3157 καί
920 3090 1185 3159 δποδιδοσκδλων
1198 3115 1270 3158 oum
1283 3111 1362 3181 poe·

264 3198 303 3266 tis
334 3199 527 3287 plerumque
559 3203 761 3267 coniunctum
788 3209 1025 3266 commemorat.
1077 3200 1139 3267 Oui
1168 3201 1215 3266 rei
1245 3201 1363 3288 optime

157 3389 161 3398 ¹
265 3319 446 3395 congruunt
466 3310 595 3396 singula
617 3311 660 3376 de
681 3311 786 3399 poetis
807 3310 995 3378 testimonia.
1019 3310 1078 3377 Est
1097 3311 1183 3376 euim
1198 3311 1241 3378 de
1255 3311 1364 3398 Apha-

263 3440 323 3487 reo
343 3427 441 3505 poeta
462 3419 509 3484 sic
536 3420 688 3506 scriptum
720 3420 754 3484 in
774 3419 924 3488 Isocratis
954 3419 1019 3486 vita
1047 3419 1362 3507 pseudoplubarcbea

266 3528 387 3615 (pssbd
409 3553 439 3591 v.
458 3529 532 3609 55):
555 3528 704 3612 »ἐποίησε
724 3529 760 3592 δὲ
783 3528 839 3592 καί
861 3529 1040 3614 τραγῳδίας
1064 3529 1139 3611 περί
1161 3529 1215 3607 λζ’,
1239 3519 1282 3593 ὧν
1305 3528 1359 3592 οἷν.

265 3636 440 3719 τιλέγονυοι
461 3636 500 3716 β’.
543 3637 719 3720 ἀρξάμενος
742 3642 772 3702 δ’
788 3633 852 3700 dud
870 3635 1098 3720 Λυσιστράτου
1112 3635 1273 3702 erumna
1286 3631 1364 3726 ἄχρι

265 3747 463 3830 Σωσιγένους
481 3746 516 3810 ἐι
536 3744 640 3812 ἔτεσιν
660 3747 707 3829 κη’
729 3746 941 3819 διδασκαλίας
953 3742 1083 3819 ἀστικὰς
1102 3748 1242 3827 καθῆκεν
1263 3745 1287 3817 ς’
1306 3745 1363 3810 aad

266 3852 315 3928 δίς
341 3855 466 3936 ἐνίκησε
489 3855 544 3918 διὰ
565 3858 738 3922 Διονυσίου
760 3857 872 3932 καθείς
892 3856 948 3920 καί
976 3861 1016 3920 δι’
1038 3853 1154 3939 ἑτέρων
1175 3850 1285 3936 ἑτέροις
1309 3856 1364 3920 driu

266 3961 441 4044 Ληναϊκάς·
484 3964 658 4052 Aphareus
681 3966 779 4053 igitur
800 3967 883 4031 iuter
905 3966 1072 4045 Ol.103,1
1095 3966 1188 4052 (368)
1209 3974 1241 4030 et
1262 3966 1377 4046 109,4v

265 4072 354 4157 (341)
376 4071 535 4159 Dionysio
554 4099 632 4140 usus
655 4085 704 4141 cst
726 4075 816 4142 chori
845 4076 997 4164 magistro
1029 4084 1061 4142 ot
1090 4084 1258 4163 praeterea
1280 4073 1362 4157 aliis,

265 4201 403 4264 quorum
424 4183 551 4250 nomina
573 4207 637 4253 oon
648 4184 736 4249 addit
757 4184 903 4272 scriptor,
927 4195 968 4266 et,
991 4184 1245 4272 quotiescunque
1254 4185 1362 4272 Apha·
1479 4221 1482 4231 ·

262 4309 337 4355 reus
360 4292 535 4378 reportavit
556 4294 711 4376 victorias,
734 4315 898 4380 nunquam
922 4294 993 4382 ipse
1004 4341 1014 4376 ‚
1041 4293 1098 4360 sed
1120 4315 1251 4381 semper
1275 4293 1363 4360 chori

261 4399 416 4486 magister
438 4402 506 4467 eius
537 4402 646 4470 docuit
671 4405 828 4486 fabulam,
860 4413 895 4471 ut
922 4404 1088 4490 probabile
1117 4403 1157 4469 sit
1193 4403 1286 4470 etiam
1311 4425 1361 4470 oe·

269 4517 365 4594 teras,
390 4511 507 4597 quibus
527 4535 595 4578 uon
614 4513 748 4596 vicerit,
766 4513 953 4601 tragoedias
974 4515 1012 4580 ab
1034 4514 1103 4582 aliis
1128 4535 1200 4584 esse
1224 4515 1257 4578 in
1273 4535 1364 4583 acae-
