3317 5484
883 585 925 653 26

347 773 514 840 instructu.
561 769 672 857 Magni
693 769 777 836 enim
797 768 916 836 laboris
936 767 1014 850 tuit,
1045 778 1083 834 nt
1101 769 1275 838 mor-amas
1294 767 1458 852 singulari

348 880 405 948 illo
427 879 537 948 habitu
558 878 771 967 personisque
794 876 929 944 insolitis
950 877 1063 959 induti,
1082 898 1164 964 quoe
1178 876 1459 964 repraesentanda

350 998 442 1058 emt
462 988 608 1058 animalia
629 997 703 1074 opto
728 987 842 1057 imitari
862 987 1032 1057 mearant,
1066 987 1200 1055 Deinde
1221 985 1361 1072 quaein
1375 986 1457 1051 Vsa

348 1121 462 1187 parum
481 1098 571 1164 exitu
587 1107 675 1167 extat
689 1097 815 1166 Omcini
836 1097 1044 1184 liliorumque
1062 1095 1186 1165 saltatio
1203 1095 1385 1165 admodum
1402 1095 1460 1162 nu

351 1206 518 1272 artificiosa
536 1206 758 1292 (v.1523sq.).
804 1205 896 1272 Idem
926 1205 1009 1271 cadit
1034 1206 1068 1270 in
1094 1205 1313 1285 decursiones,
1336 1202 1458 1290 quibus
1500 1188 1501 1221 l

349 1317 383 1383 in
412 1316 537 1382 Avibus
563 1321 607 1398 (v.
628 1315 692 1379 343
708 1318 772 1400 aq.)
807 1315 926 1378 chorus
954 1314 1110 1401 impetum
1139 1313 1214 1378 facit
1232 1314 1267 1378 in
1292 1313 1456 1378 Pithetse-

349 1445 440 1506 rum,
470 1423 726 1508 sollemnemque
751 1422 784 1488 in
812 1421 900 1487 exitu
931 1423 1058 1491 fabulae
1085 1444 1239 1510 pompam
1266 1444 1341 1486 cum
1365 1421 1456 1486 salta

349 1532 436 1598 tione
458 1533 664 1597 coniunctam.
695 1530 777 1596 Prae
800 1530 916 1596 cetaria
938 1551 1053 1597 verum
1076 1531 1217 1596 satiem
1236 1531 1383 1596 musicae
1405 1530 1454 1594 ad-

349 1642 481 1709 modum
506 1639 653 1706 dilliciles
672 1640 823 1706 videntur
837 1639 947 1705 fnisse.
978 1639 1142 1706 Tibiarnm
1158 1639 1244 1706 enim
1264 1649 1380 1726 partes
1397 1648 1455 1703 mm

351 1749 533 1836 singulares
565 1751 696 1814 morunt
726 1748 758 1812 in
792 1748 941 1830 Avibus,
977 1771 1074 1834 qnam
1099 1749 1134 1814 in
1164 1748 1254 1814 nulla
1273 1757 1453 1836 praeterea,
1500 1774 1501 1847 p

351 1875 434 1946 quae
448 1857 550 1924 -nobis
571 1866 696 1924 servata
718 1867 777 1939 cst,
804 1858 1031 1944 Aristophanis
1052 1858 1227 1924 comoedis.
1274 1858 1453 1944 Praecipua

352 1966 581 2032 exercitatione
614 1966 699 2031 haud
723 1966 850 2054 volgari
873 1988 955 2053 opus
978 1966 1037 2030 fnit
1055 1966 1089 2030 iu
1109 1966 1210 2032 solius
1229 1966 1328 2032 tibiae
1352 1975 1450 2045 cantu,

353 2075 408 2162 qui
433 2074 521 2140 nulla
545 2097 624 2140 voce
645 2076 784 2140 hnmana
805 2074 994 2140 concinente
1017 2083 1091 2162 post
1109 2096 1239 2142 versum
1258 2075 1324 2140 233
1343 2084 1378 2139 et
1398 2073 1450 2138 768
1500 2108 1501 2145 1

351 2183 537 2268 exorditur,
570 2183 657 2270 quod
686 2205 790 2270 genus
823 2183 967 2246 διαύλιον
995 2184 1065 2250 sive
1089 2182 1263 2265 paocdlsor
1283 2186 1450 2249 vocabatur
1500 2190 1501 2237 l

351 2294 519 2377 (Hesych,
541 2291 633 2360 Suid.
655 2317 684 2358 v.
721 2292 890 2379 διαύλιον).
944 2293 1039 2375 Quae
1074 2315 1146 2358 cum
1177 2293 1221 2358 its
1249 2293 1336 2374 sint,
1369 2293 1447 2356 lucu·
1500 2248 1502 2347 l

352 2400 534 2470 lentissime
564 2402 715 2489 adparet,
745 2424 801 2466 cur
823 2402 1057 2488 Aristophanes
1088 2403 1170 2467 hano
1189 2401 1395 2488 potissimum
1412 2401 1447 2464 fa-
1500 2478 1501 2487 ἶ

352 2511 461 2579 bulam
486 2511 539 2576 alii
560 2510 737 2576 docendam
758 2510 960 2577 commiserit.
1289 2562 1293 2568 .
1500 2496 1501 2513 ,

435 2619 554 2688 Similis
568 2627 629 2684 'cst
646 2618 841 2706 Lysistratus
867 2619 948 2684 ratio
977 2619 1009 2683 in
1032 2641 1095 2704 qno
1121 2619 1176 2705 qui
1209 2628 1321 2684 extant
1358 2619 1441 2683 Atha-

352 2729 513 2796 niensium
535 2727 831 2815 Spartauoruniqus
861 2737 971 2795 cautus
997 2738 1030 2793 et
1050 2728 1236 2795 saltationes
1266 2729 1358 2794 haud
1389 2729 1438 2792 eri·

354 2860 451 2924 guam
471 2838 560 2905 chori
585 2836 728 2924 magistri
757 2859 889 2924 operam
916 2837 1151 2925 flagitaverunt
1196 2837 1234 2904 ln
1266 2839 1368 2906 Bonis
1390 2837 1437 2902 Aa
1500 2842 1501 2921 l

349 2946 507 3032 solryleae
527 2946 603 3013 illae
628 2955 724 3032 atque
746 2943 943 3034 Euripideae
966 2946 1125 3016 melodiae
1155 2969 1219 3014 non
1244 2947 1309 3011 nisi
1341 2940 1439 3030 insigni
1500 2930 1501 2933 ¹

352 3054 442 3122 chori
463 3053 607 3142 magistri
628 3063 697 3120 arte
719 3054 855 3141 exprimi
879 3063 1063 3142 potuerunt
1097 3056 1290 3141 Quanquam
1314 3079 1379 3123 non
1395 3073 1435 3117 ue
1500 3122 1501 3131 χ

352 3185 444 3238 ossae
468 3174 516 3230 ost
537 3165 602 3232 tals
624 3163 702 3250 qnid
722 3162 754 3228 in
778 3164 924 3233 omuibus
948 3163 1138 3250 praesertim
1166 3165 1358 3252 posterioris
1375 3172 1434 3228 tom·

353 3272 442 3360 p'oris
461 3275 616 3361 probetur
638 3271 762 3342 fabulis.
805 3271 887 3338 Nam
908 3273 1027 3360 optime
1048 3293 1103 3340 res
1124 3273 1167 3339 ita
1188 3283 1369 3362 comparata
1380 3286 1428 3336 esst

354 3381 471 3468 potnit,
494 3391 531 3446 ut
557 3381 676 3450 sensim
703 3381 844 3449 taedium
873 3391 1003 3468 caperet
1028 3381 1280 3470 Aristophanem
1318 3374 1423 3450 enituit

353 3490 646 3572 χοροδιδασκαλιάς
657 3537 667 3572 ,
702 3498 898 3578 quapropter
930 3511 1061 3578 semper
1096 3492 1185 3558 chori
1218 3491 1378 3579 magistris
1396 3479 1429 3548 nl

354 3598 470 3686 coepit
1500 3674 1501 3691 χ

439 3706 595 3774 Videmus
615 3707 713 3795 igitur
745 3729 855 3776 omnes
880 3706 1019 3773 suadere
1040 3706 1198 3789 rationes,
1219 3717 1255 3772 ut
1285 3718 1435 3777 sommus
1500 3716 1501 3721 ’

354 3815 570 3884 Callistratum
593 3826 625 3881 et
645 3816 847 3884 Philonidom
865 3816 1091 3904 Aristophanis
1110 3815 1212 3882 fuisse
1234 3817 1326 3885 chori
1341 3809 1435 3900 magis·

353 3934 428 3992 tros.
461 3925 605 4007 Quarum
629 3925 688 3992 etsi
711 3925 791 3990 aliae
812 3925 900 4007 aliis,
929 3924 984 3990 ubi
1010 3947 1070 4010 per
1099 3945 1135 3990 se
1166 3925 1312 4012 singulas
1335 3926 1436 4012 specla-
1500 3938 1501 4023 p

355 4035 451 4116 ueris,
472 4035 582 4121 paullo
603 4034 657 4100 vel
688 4035 840 4100 certiores
861 4042 936 4099 sunt
957 4033 1011 4099 ael
1032 4033 1240 4116 incertiores,
1261 4044 1367 4102 tamon
1385 4047 1437 4093 uon
1500 4038 1501 4065 ³

356 4151 461 4229 potest
482 4163 547 4208 non
562 4143 739 4231 xplurimum
763 4143 874 4234 volere
896 4142 1063 4209 coniuncta
1085 4143 1134 4208 vis
1156 4143 1308 4210 omnium.

440 4251 523 4318 Onm
546 4251 664 4319 comica
687 4250 835 4319 desiisset
852 4251 991 4335 χορηγία
1016 4262 1048 4316 et
1062 4252 1125 4319 iam
1139 4252 1257 4319 chorus
1273 4261 1329 4318 aut
1342 4246 1436 4318 nullus

355 4359 569 4446 aut‘sxignus
594 4369 679 4426 esset
700 4360 907 4428 instruendus
933 4360 967 4425 in
996 4360 1188 4444 comoediis,
1218 4361 1435 4450 Adstophmo

357 4468 484 4538 Plutum
510 4468 580 4555 ipse
610 4467 726 4544 iterum
756 4470 845 4538 dedit
874 4469 909 4536 in
933 4491 1092 4541 scaenam.
1138 4472 1279 4554 Verum,
1303 4467 1435 4558 quonism
