3317 5484
794 603 833 665 17

258 785 347 871 (hiat
361 782 433 850 'orit
455 805 487 870 p.
510 783 609 868 104),
637 783 717 848 haec
746 781 876 866 singula
906 789 1056 865 repetere
1096 783 1183 864 uolo,
1214 784 1274 850 sed
1302 805 1362 869 pro

260 893 488 960 demonstratis
509 902 578 957 utar
594 892 643 958 his
663 895 772 958 rebus.
1187 939 1191 944 ·

349 999 536 1066 Philonides
561 1009 592 1064 et
612 1000 814 1066 Callistratus
846 998 933 1086 quod
961 1019 1025 1063 non
1048 999 1151 1066 solum
1176 998 1290 1066 choros
1310 1001 1367 1070 do·

264 1112 395 1192 cebant,
427 1109 487 1176 sed
515 1117 683 1196 praeterea
713 1109 807 1176 etiam
826 1117 943 1197 poetae
965 1106 1158 1190 extiterunt,
1188 1109 1310 1176 nullius
1334 1109 1368 1176 in

264 1220 325 1286 hac
347 1206 536 1306 quaestione
558 1227 606 1283 est
628 1219 791 1285 momenti
834 1217 871 1284 ld
892 1217 980 1304 quod
1009 1239 1074 1284 non
1104 1220 1207 1304 magis
1235 1227 1284 1284 est
1313 1218 1370 1284 mi.

263 1351 355 1409 rum,
380 1349 475 1414 quarn
496 1328 584 1414 quod
607 1325 720 1393 Crates
743 1335 776 1392 et
795 1325 908 1392 histrio
932 1326 991 1392 fuit
1021 1336 1050 1391 ot
1069 1335 1166 1414 poeta
1189 1326 1275 1410 (hist.
1300 1328 1368 1394 crit.

263 1459 296 1524 p.
320 1437 388 1523 59).
437 1434 615 1505 Philonidis
651 1444 717 1500 tres
751 1434 865 1504 servati
901 1443 975 1500 sunt
1009 1434 1246 1500 comoediarum
1286 1435 1366 1512 tituli

269 1541 481 1627 Φιλέταιρος,
499 1541 638 1626 ‘Ansium
667 1542 828 1625 Κοθόρνοι
851 1542 934 1629 (hisi.
959 1542 1181 1629 crit.p.102).
1206 1543 1367 1613 Callistra-

265 1661 333 1718 tum
356 1674 486 1738 quoque
506 1660 635 1740 poetam
655 1650 801 1718 extitisse
817 1673 859 1716 ex
876 1652 1057 1738 Vesparum
1079 1673 1173 1718 versu
1198 1651 1280 1716 1018
1295 1675 1368 1718 oon·

266 1760 415 1841 eluditur,
439 1761 494 1826 uhi
511 1760 747 1848 Aristophanes
769 1769 882 1847 poetas
905 1759 996 1841 dicit,
1020 1762 1146 1846 quibus,
1171 1781 1249 1847 quas
1271 1760 1367 1848 Equi·

264 1868 350 1936 tibus
365 1869 492 1957 priores
512 1869 677 1957 scripserit
699 1869 834 1951 fabulas,
856 1868 1015 1934 docendae
1039 1868 1242 1937 commiserit.
1270 1870 1367 1953 Quod

257 1988 451 2068 poetaseos
473 1978 580 2066 potius
602 1978 701 2060 dixit,
732 2001 828 2064 qnam
848 1977 936 2044 chori
959 1978 1149 2064 magistros,
1178 1980 1284 2066 primo
1313 1979 1367 2045 ad·

265 2098 379 2176 spectu
407 2087 581 2163 admodum
613 2088 741 2154 ridetur
773 2088 948 2174 singulare.
992 2087 1093 2154 Cuius
1127 2090 1174 2156 rei
1208 2090 1288 2156 haec
1320 2101 1368 2156 ost

265 2197 358 2280 ratio,
381 2198 469 2284 qnod
495 2220 628 2283 prorsus
655 2219 772 2262 recens
801 2197 858 2264 illo
888 2207 1034 2286 tempore
1066 2221 1135 2265 mos
1160 2210 1228 2264 erat
1248 2200 1370 2268 fabulas

265 2307 336 2374 aliis
359 2306 577 2376 committendi
602 2307 645 2390 (v.
666 2307 862 2392 quaestionis
883 2315 1011 2374 nostrae
1033 2330 1066 2393 p.
1084 2307 1140 2394 28)
1166 2309 1367 2394 nequedum

266 2413 548 2498 χοροδιδασκάλου
564 2413 635 2480 sive
649 2410 911 2479 ὖποδιδασκδλου
929 2435 1048 2482 nomen
1065 2415 1099 2480 in
1119 2437 1212 2482 usum
1227 2427 1369 2499 venerat,

271 2545 336 2608 quo
358 2523 512 2590 uocabulo
534 2533 648 2610 postea
669 2522 908 2611 significabatur
933 2525 988 2610 qui
1005 2523 1093 2590 chori
1119 2525 1255 2591 docendi
1271 2535 1369 2594 artem

273 2638 340 2694 erat
359 2632 531 2715 professus.
562 2631 676 2717 ltaque
689 2631 934 2719 Aristophanes,
950 2655 1022 2701 cum
1042 2631 1149 2720 aliquo
1172 2634 1269 2702 modo
1284 2635 1369 2700 viros

267 2738 343 2804 illos
366 2737 463 2806 vellet
492 2739 674 2828 significare
707 2762 815 2827 nequo
848 2750 977 2828 praesto
1012 2751 1098 2808 esset
1132 2766 1200 2808 vox
1228 2745 1367 2832 propria,

267 2869 329 2934 qua
354 2847 484 2916 illorum
507 2848 647 2915 officium
669 2858 743 2935 apte
765 2848 1014 2936 exprimeretur,
1038 2850 1112 2936 quia
1133 2859 1248 2938 poetae
1268 2861 1368 2934 erant,

268 2958 350 3023 dixit
378 2979 434 3024 eos
454 2967 576 3044 poetas.
618 2957 869 3042 Aristophanes,
901 2981 1108 3044 quascunque
1135 2969 1207 3026 ante
1237 2961 1370 3045 Equites

269 3066 440 3153 scripserat
468 3065 668 3147 comoedias,
697 3065 767 3131 aliis
801 3065 930 3134 tradidit
954 3065 1116 3134 docendas
1141 3069 1255 3156 (Vesp.
1279 3069 1370 3151 1029,

269 3174 377 3242 Schol.
400 3175 500 3261 Vesp.
525 3175 630 3257 1014).
672 3173 724 3240 Ex
748 3175 865 3260 quibus
887 3173 1055 3262 Epulones
1077 3176 1212 3264 primam
1234 3177 1303 3242 eins
1327 3180 1369 3242 fs-

269 3283 377 3350 bulam
408 3283 516 3348 docuit
538 3282 750 3349 Callistratus.
796 3282 942 3368 Scriptor
974 3283 1059 3349 enim
1091 3283 1166 3363 περὶ
1200 3286 1370 3370 κωμῳδίας

268 3415 302 3479 p.
317 3393 360 3456 24
382 3417 412 3455 v.
435 3393 495 3456 16:
518 3392 662 3473 ᾖἐδίδαξε
688 3392 749 3468 ald,
771 3391 885 3476 inquit,
906 3395 1047 3474 1,πρῶτος
1060 3392 1115 3455 s’ui
1130 3388 1282 3474 ἄρχοντος
1292 3398 1372 3460 Aac·

269 3501 364 3582 cahos
390 3499 445 3564 διὰ
469 3501 724 3583 Καλλιστράτου.
754 3500 847 3566 Idem
869 3481 1067 3587 Babylonios
1079 3523 1209 3590 quoque
1230 3503 1261 3568 in
1286 3526 1372 3572 scae·

270 3632 343 3674 uam
364 3610 455 3674 dedit
475 3609 508 3675 id
531 3609 619 3696 quod
640 3633 658 3674 a
680 3608 780 3678 Suida
802 3619 834 3673 et
854 3609 968 3676 Photio
989 3609 1123 3679 truditur
1151 3634 1181 3673 v.
1206 3611 1338 3692 Σαμίων
1359 3638 1374 3672 a

272 3719 393 3799 δῆμος.
497 3718 569 3792 τοὺς
589 3717 878 3807 δὲβαβυλωνίους
901 3718 1027 3793 ἐδίδαξε
1054 3716 1107 3782 διὰ
1130 3720 1372 3802 Καλλιστράτου

271 3825 508 3910 Ἀριστοφάνης
531 3827 614 3893 ἔτεσι
636 3805 774 3909 πρδτοῧ
790 3825 961 3892 Εὗκλεδδοι·
987 3827 1035 3888 κδ’
1054 3827 1108 3891 ἐπὶ
1130 3825 1297 3901 Εὐκλέους.
1319 3828 1373 3894 De

272 3958 412 4021 quorum
432 3937 689 4002 testimoniorum
710 3936 775 4002 fida
796 3936 904 4002 addito
927 3935 1114 4022 praesertim
1137 3935 1293 4002 archontis
1317 3959 1373 4008 no-

271 4044 358 4108 mine
381 4085 417 4094 -
450 4046 537 4111 undo
567 4046 637 4110 reri
670 4045 774 4112 simile
801 4045 837 4110 fit
867 4067 908 4110 ex
939 4045 1016 4132 ipsis
1039 4044 1216 4110 didascaliis
1243 4067 1280 4110 ea
1301 4067 1373 4112 esse

271 4153 382 4218 hausta
403 4178 532 4221 -non
556 4165 619 4236 est,
652 4177 710 4218 cnr
730 4153 902 4220 dubitetur.
945 4153 1171 4219 Acharnenses
1194 4154 1373 4241 deniquea

272 4259 454 4329 Callistrato
478 4264 602 4329 doctam
624 4283 696 4327 esse
727 4284 769 4327 ex
802 4263 930 4328 fabulae
965 4262 1098 4349 adparet
1130 4268 1374 4351 argumentol).

342 4409 369 4476 6)
390 4406 498 4493 Qua-in
513 4408 607 4464 fabula
624 4426 688 4462 oum
706 4425 721 4462 e
743 4425 824 4464 versu
842 4410 894 4464 377
915 4407 1068 4462 coniecerit
1087 4406 1210 4462 Kookius
1227 4426 1254 4478 p.
1267 4409 1302 4464 24
1318 4408 1374 4478 pri·

272 4519 331 4556 mas
350 4507 539 4572 parteacutus
557 4521 616 4556 esse
635 4523 652 4557 a
670 4504 829 4558 Callistrato
849 4533 882 4543 -
902 4508 947 4570 ut,
977 4519 1132 4572 quanquam
1150 4502 1237 4557 muita
1254 4502 1374 4572 proferri

1151 4589 1171 4652 2
