3317 5484
792 653 832 716 21

180 871 184 879 ·
253 851 320 904 tum
334 859 408 906 osse
416 836 552 924 publicis
562 834 770 900 documentis.
783 833 864 899 Nam
876 834 915 898 ad
931 835 1032 899 varias
1042 835 1099 899 has
1111 835 1198 900 chori
1211 835 1354 922 magistri

255 957 363 1036 partes
379 946 560 1012 identidem
583 944 692 1010 adiudi
715 946 753 1009 sb
778 943 994 1031 Aristophane
1030 945 1137 1010 statim
1164 944 1353 1012 videbimus.

255 1057 307 1122 Ex
330 1053 646 1143 Equitum'parabesi
671 1054 732 1116 huc
757 1051 911 1138 quadrant
935 1074 1049 1119 vorsus
1066 1052 1256 1117 1111111512.
1280 1052 1353 1132 Vbi,

255 1189 327 1232 cum
350 1166 381 1229 in
405 1165 465 1228 hac
484 1163 591 1228 fabula
609 1162 748 1247 primum
775 1170 805 1224 et
826 1170 940 1247 poetae
964 1159 1105 1225 et-chori
1120 1161 1262 1246 magistri
1287 1183 1353 1226 mu·

256 1273 325 1338 neri
350 1270 537 1337 satisfecerit
558 1269 865 1355 (a‘argnmentum,
892 1267 992 1355 Vesp.
1015 1267 1105 1348 1019,
1128 1268 1235 1336 Sahal.
1255 1269 1354 1355 Vesp.

256 1383 370 1464 1014),
406 1379 538 1444 chorum
568 1377 669 1443 voluit
696 1397 889 1462 exponere,=
911 1377 1086 1441 c‘ur'antea
1114 1377 1184 1464 ipsa
1215 1373 1357 1442 fabulum·

252 1491 326 1556 n'on
341 1488 494 1554 docuerit.
536 1487 573 1550 Iu
595 1485 707 1572 primis
729 1486 794 1550 huc
813 1493 937 1572 spectat
962 1485 1182 1550 1111115161
1234 1531 1238 1542 .
1263 1511 1265 1521 ¹

1015 1594 1153 1676 νομίζων
1272 1621 1275 1631 =

303 1705 655 1790 xwuqdodtdnoxait'uv
679 1686 760 1764 sirus
780 1701 1006 1782 χαλεπώτατον
1026 1703 1125 1786 ἔργον
1143 1700 1297 1784 ἁπάντων,

255 1838 351 1904 quem
374 1814 420 1880 sic
440 1813 670 1900 interpretatur
690 1813 871 1898 Beughins:
902 1811 1137 1893 „difficillimam
1160 1831 1233 1878 esse
1254 1821 1354 1877 artem

254 1925 417 2005 comicum·
440 1945 523 2009 quae
544 1923 653 2009 paucis
679 1921 868 2011 quibusdam
893 1924 977 1987 bene
999 1921 1208 2007 processerim
1235 1943 1270 1986 se
1291 1920 1353 2007 igi·
1392 2007 1397 2015 .

254 2047 306 2100 tur
326 2044 418 2098 antea
439 2033 581 2118 experiri
604 2031 755 2112 voluisse,
781 2031 857 2117 quid
881 2030 966 2096 vires
988 2030 1116 2095 valeant
1134 2031 1246 2098 ferre.“
1279 2029 1352 2112 Vbi,

253 2165 366 2230 quasa
382 2143 525 2229 Bergkio
549 2141 663 2206 dicitnr
683 2163 753 2222 „ars
776 2140 925 2224 oomioa“‚
939 2141 1009 2226 quia
1021 2150 1053 2204 et
1066 2140 1193 2222 ποίησιν
1213 2141 1355 2206 eontinet

251 2261 284 2317 et
299 2251 602 2335 gopodsdooaats'osq
615 2249 707 2315 nimis
720 2250 784 2314 late
797 2257 894 2336 patet.
929 2249 970 2314 Ni
994 2249 1107 2316 mirum
1131 2251 1170 2314 ad
1192 2251 1351 2337 poeticam
1446 2269 1448 2274 ’

249 2360 475 2449 Aristophanis
496 2359 639 2424 indolem
659 2360 738 2423 haec
758 2361 859 2423 verba
884 2367 1030 2445 spectare
1053 2359 1181 2423 omnino
1203 2381 1352 2447 nonpos-

250 2480 337 2538 snnt.
370 2470 498 2534 Poetica
522 2469 606 2533 enim
629 2470 705 2533 eius·
721 2468 837 2549 virtus,
861 2491 932 2533 oum
957 2467 1098 2554 quamuis
1118 2489 1182 2532 non
1205 2469 1276 2556 ipse
1297 2467 1353 2534 do-

250 2581 356 2644 cuerit
377 2578 530 2658 fabulam,
554 2577 690 2641 auctoris
713 2599 833 2642 nomen
856 2575 957 2642 statim
978 2579 1279 2664 percrebesoeretss)
1290 2627 1298 2659 ,
1320 2577 1354 2642 in

256 2693 417 2751 certamen
435 2705 499 2748 non
520 2687 626 2750 vocari
647 2707 714 2750 non
733 2687 861 2772 potuit„
895 2683 1070 2750 Praeterea
1090 2707 1131 2750 se·
1147 2686 1271 2772 poetica
1290 2685 1353 2750 vir·

248 2802 316 2859 tute
332 2793 513 2880 praeditum
529 2815 607 2858 esse
631 2793 734 2879 quivis
758 2794 853 2858 sentit
874 2815 969 2860 verus
984 2804 1077 2882 postu
1097 2793 1259 2879 sensitque
1279 2793 1353 2859 Ari·

248 2903 438 2988 stephanos,
468 2900 522 2986 qui
551 2901 585 2965 in
605 2903 861 2972 Acharneusium
890 2903 1039 2992 parabasi
1068 2905 1185 2991 insigni
1214 2906 1276 2970 iam
1310 2905 1352 2970 de

248 3033 284 3075 se
305 3011 447 3097 loquitur
462 3010 585 3075 fiducia.
609 3013 721 3098 itaque
734 3015 882 3099 quoniam
895 3011 1112 3098 ποιήσεωςήὲ
1128 3015 1166 3079 ab
1190 3014 1253 3078 iliis
1278 3035 1349 3078 ver·

247 3120 296 3186 bis
316 3142 451 3206 prorsus
471 3120 632 3202 abhorret,
652 3123 983 3208 aopqictodsctacaatae'a
1007 3124 1166 3212 primitiva
1189 3123 1346 3210 signifiea-

250 3229 337 3293 tiune
363 3237 413 3292 cst
431 3228 662 3316 intellegenda.
701 3233 821 3298 Poetae
843 3234 942 3318 igitur
962 3233 1087 3298 muneri
1116 3255 1153 3298 se
1177 3232 1351 3300 clarissimo

249 3335 399 3404 sufficere
424 3359 519 3424 posse
541 3361 732 3425 persuasum
754 3341 864 3409 habuit
888 3341 1131 3428 Aristophanes,
1157 3365 1267 3408 verum
1291 3343 1349 3408 dii-

246 3447 361 3513 fieiiius
378 3447 408 3512 ei
429 3446 534 3512 visum
557 3456 606 3511 est
626 3448 783 3513 comicum
798 3450 931 3516 chorum
945 3450 1113 3516 instrucre.
1137 3452 1251 3518 Poesis
1264 3452 1348 3520 cnim

246 3555 369 3642 ingenii
392 3565 439 3620 est
457 3555 648 3642 virtutisque
670 3558 810 3635 nativae3
831 3570 861 3622 at
882 3560 1014 3625 chorum
1041 3559 1172 3626 docturo
1194 3583 1277 3648 opus
1302 3571 1350 3628 est

245 3664 360 3729 artium
374 3665 589 3730 scaenicorum
611 3688 674 3731 usu
696 3677 792 3754 atque
809 3666 1047 3735 exercitatione.
1071 3671 1145 3752 Qua
1159 3693 1229 3736 cum
1255 3670 1347 3736 etiam

246 3783 313 3838 tum
337 3784 460 3839 careret
484 3775 739 3864 Aristophanes,
775 3800 853 3864 quas
886 3789 959 3844 ante
988 3779 1120 3866 Equites
1148 3779 1276 3867 scripsit
1298 3803 1348 3845 oo·

245 3882 389 3948 moadiae
400 3883 582 3949 nominibus
596 3884 686 3949 dedit
698 3885 858 3951 docendas
869 3887 998 3953 illarum
1009 3907 1118 3953 rerum
1132 3888 1347 3976 peritioribus.

329 3989 367 4053 In
388 3990 448 4057 hae
467 3994 742 4077 argumentatione
757 3994 782 4059 si
796 4005 963 4082 quaesunt
978 3995 1157 4077 incertiora,
1171 3997 1210 4060 de
1232 3998 1346 4082 quibus

244 4096 346 4183 possit
364 4098 398 4160 in
417 4105 586 4186 utramque
609 4111 733 4189 partem
751 4101 906 4190 disputari
917 4151 926 4185 ,
947 4102 1121 4168 certissime
1143 4104 1348 4170 confirmatur

243 4227 316 4270 mea
337 4208 493 4273 sententia
515 4211 680 4292 versibus,
712 4212 766 4296 qui
797 4212 908 4300 paullo
931 4222 1005 4300 post
1027 4213 1105 4278 inde
1126 4237 1143 4277 a
1164 4237 1260 4280 versu
1282 4213 1344 4278 541

245 4324 414 4381 secuntur:

315 4461 342 4531 8)
372 4462 440 4517 Cum
460 4466 533 4519 enim
556 4466 615 4536 ipse
634 4467 749 4536 Equites
770 4469 896 4534 doceret,
919 4469 973 4521 iam
998 4472 1093 4523 notum
1122 4451 1226 4523 1111111
1246 4471 1348 4542 volgus¹

245 4561 328 4611 antea
341 4557 449 4614 fabulas
458 4561 676 4632 Aristophaneus
695 4565 730 4618 ab
748 4563 809 4618 aliis
827 4565 857 4618 in
876 4581 1003 4620 scaenam
1022 4581 1080 4620 esse
1100 4565 1185 4620 datas.
1206 4567 1343 4634 151211.
